2712 4576
427 267 565 360 (liceronis
584 271 730 326 orationes.
1018 271 1075 333 149

57 466 187 551 dumque
227 466 279 532 hic
314 467 505 537 iudiciorum
543 470 807 548 alternorum,
852 471 997 552 quoniam
1033 467 1117 534 idem

56 573 213 655 utrumque
234 575 415 640 vocabulum
439 576 602 660 siguificat,
617 579 717 642 totum
734 576 877 652 iudicum,
893 573 994 660 quiin
1012 574 1117 657 aliqua

56 695 139 744 causa
161 679 272 745 sedent
293 681 445 746 sessurivo
466 683 548 764 sunt,
571 702 743 748 numerum.
868 739 873 751 .

149 798 228 864 ibid.
252 799 310 864 62:
346 798 487 867 Omnes
522 802 624 866 enim
657 799 893 866 istiusmodi
926 800 1035 865 artes
1059 802 1117 878 (rei

55 899 192 966 militaris
213 921 298 983 usus,
321 906 504 990 eloquentia,
528 908 602 973 iuris
622 905 747 989 peritia)
770 903 808 969 in
831 903 883 970 iis
905 907 1117 988 reprehen-

55 1005 214 1086 duntur,
238 1009 420 1094 qui,cum
443 1013 621 1097 professi
644 1019 753 1086 sunt.
776 1011 1022 1077 satisfacere
1044 1031 1117 1078 non

54 1116 237 1194 possunt,
260 1136 333 1182 uon
356 1118 394 1183 in
416 1119 487 1200 iis,
510 1119 577 1204 qui
600 1137 639 1185 se
661 1119 817 1184 afuisse
839 1118 884 1184 ab
907 1117 1007 1184 istis
1030 1121 1117 1182 stu·

55 1219 128 1286 diis
162 1221 427 1291 confitentur.
474 1225 601 1291 Nemini
630 1244 777 1310 umquam
809 1225 840 1289 in
873 1226 1009 1289 mentem
1033 1223 1118 1288 venit

55 1330 128 1392 artes
149 1327 223 1394 illas
248 1329 279 1394 in
302 1328 474 1396 candidatis
503 1331 741 1414 reprehendere;
774 1349 879 1396 earnm
901 1330 1001 1413 inopia
1023 1329 1117 1394 offen·

56 1432 140 1499 debat
173 1435 206 1500 in
238 1435 290 1510 iis,
323 1437 376 1520 qui
406 1456 457 1503 eas
484 1439 613 1521 professi
635 1439 737 1513 erant;
765 1455 836 1502 nam
860 1436 940 1519 quod
962 1435 1118 1500 interdum

55 1539 205 1609 delectum
232 1542 278 1608 rei
306 1562 359 1626 pro
386 1544 454 1628 ipsa
482 1563 515 1610 rs
537 1544 686 1629 appellari
710 1541 826 1617 dicunt,
848 1542 942 1607 idda
964 1541 1033 1606 aliis
1056 1540 1117 1605 lor·

55 1645 131 1712 tasse
154 1649 340 1731 quibusdam
355 1649 513 1717 effectibus
527 1653 593 1718 fiori
612 1652 725 1735 potest,
742 1649 923 1732 reprehendi
940 1649 1118 1732 eloquentia

56 1755 102 1817 aut
133 1774 185 1820 ars
219 1755 364 1821 militaris
394 1755 427 1821 iu
460 1775 505 1834 eo,
536 1759 588 1841 qni
619 1777 686 1823 eam
717 1754 892 1821 nechabet
921 1773 976 1820 nec
1006 1752 1118 1818 habere

56 1859 180 1938 studuit
203 1861 288 1928 nullo
311 1862 402 1928 modo
424 1865 534 1946 potest.
579 1865 639 1930 Pro
662 1861 1018 1945 reprehenduntur
1041 1866 1118 1939 (ro-

55 1967 315 2047 prenduutur)
348 1970 496 2052 scriptum
533 1971 633 2035 luerat
665 1988 684 2035 a
717 1967 860 2034 Cicerone
893 1967 1118 2052 requiruntur,

56 2073 311 2153 quemadmodum
335 2075 424 2158 paulo
447 2079 515 2157 post
538 2076 692 2159 requiri
717 2075 833 2140 solet.

150 2201 231 2268 Ibid.
267 2203 323 2266 98:
368 2205 432 2288 qui
474 2204 717 2280 (sceleratissimi
753 2202 890 2267 homiues
926 2220 962 2266 ao
998 2199 1119 2276 notarii)

56 2310 267 2391 autequam
301 2309 345 2375 de
375 2329 456 2376 meo
487 2311 662 2376 adventu
694 2310 835 2375 andire
867 2306 1119 2389 potuissent,

16 2405 17 2432 ³
56 2431 134 2479 oum
162 2415 319 2480 tantum
351 2417 542 2484 abessent
569 2416 730 2500 aliquot
756 2415 909 2480 diorum
931 2413 1052 2484 viam,
1079 2410 1116 2477 in

57 2518 328 2586 Macedoniam
350 2501 709 2605 ad'Plauciumque
732 2520 899 2603 perrexi.
935 2519 968 2584 Si
983 2516 1117 2583 brevitas

56 2624 207 2691 intervalli
230 2629 411 2705 (tantiam)
434 2627 669 2712 significaretur,
692 2647 751 2692 nou
775 2627 936 2709 aliquot
958 2623 1118 2703 diceretur,

56 2732 104 2796 sod
140 2751 362 2814 paucorum.
420 2733 549 2801 Codices
586 2734 657 2798 boni
690 2734 730 2809 (T
748 2734 786 2810 Ε)
819 2733 936 2798 habeut
972 2734 1118 2797 tamen.

57 2835 185 2905 Videtur
203 2839 313 2905 luisse:
337 2858 422 2906 cum
444 2841 540 2907 ctiam
563 2842 632 2906 tom
654 2840 919 2905 abessentcet.

151 3028 215 3095 Pro
238 3027 370 3095 Rabirio
392 3029 477 3095 Post.
500 3031 536 3094 4:
575 3030 655 3096 Hoc
676 3028 751 3093 ille
772 3031 907 3105 uatus,
938 3027 1120 3111 quamvis

57 3137 204 3212 patrem
230 3153 340 3200 suurn
362 3154 570 3217 numquam
590 3133 765 3209 viderat,
783 3134 914 3198 tamen
930 3142 967 3198 et
983 3138 1120 3200 natura

56 3238 139 3321 ipsa
174 3242 287 3321 duce,
325 3260 407 3324 quac
445 3241 658 3322 plurimum
696 3241 824 3317 valet,
864 3243 903 3303 et
938 3239 1119 3306 assiduis

58 3344 369 3413 domesticorum
398 3347 653 3413 sermonibus
683 3347 720 3411 in
751 3346 927 3427 paternae
949 3347 1040 3409 vitae
1063 3345 1117 3409 si·

57 3452 330 3518 militudinem
364 3453 562 3518 deductus
595 3457 665 3517 est.
714 3450 929 3516 Certissimum
962 3451 1009 3516 est
1031 3450 1119 3518 (lice-

56 3557 374 3626 ronemnondixissa:
395 3560 576 3643 quamvis
599 3561 753 3642 patrem
778 3577 882 3623 suum
906 3577 1119 3642 numquam

56 3664 226 3743 viderat,
259 3666 315 3732 sed
347 3685 407 3730 non
439 3668 539 3732 minus
562 3668 680 3730 certum
702 3665 855 3730 neminem
875 3663 1037 3730 librarium
1066 3685 1120 3748 pro

57 3789 285 3854 quamquam
310 3819 316 3835 .
341 3819 347 3835 .
371 3773 532 3838 viderat
560 3770 802 3838 substituturum
826 3771 919 3837 fuisse
942 3771 1120 3853 quamvis

58 3919 90 3938 ·.
124 3877 294 3944 viderat.
354 3878 482 3944 Accedit
518 3877 558 3944 ad
595 3877 820 3943 dubitationem
858 3876 1118 3952 commovendam,

57 3983 190 4064 quodsi
213 3982 318 4052 Cicero
341 3984 501 4051 Rabirium
525 4002 631 4066 reapse
653 3986 741 4066 patre
762 3988 882 4050 mortuo
899 3985 1005 4049 natum
1022 3982 1120 4064 signi·

56 4084 181 4167 beasset,
210 4088 403 4173 gravioribus
431 4090 462 4154 id
496 4088 599 4156 verbis
627 4092 657 4154 ct
687 4091 895 4158 miserabilius
918 4090 973 4153 ant
994 4088 1044 4152 hio
1066 4091 1122 4151 ant
