2712 4576
287 262 346 326 116
648 251 710 318 nio.
728 263 764 318 II.
784 263 850 332 Cap.
868 263 904 318 II.

244 458 414 542 turpissimi
448 461 582 528 hominis
615 463 815 528 retineantur.
870 462 987 545 Itaque,
1027 461 1087 526 nisi
1124 458 1316 524 deteriorum

243 566 382 633 codicum
426 568 610 651 scripturam
645 570 777 634 retinere
815 568 973 633 malumus
1009 566 1245 649 aberratumque
1283 566 1317 630 in

243 672 372 738 duorum
405 676 591 758 optimorum
626 675 791 760 archetypo
824 678 942 757 putare,
973 692 1009 738 er
1039 691 1142 738 eorum
1172 671 1318 756 vestigiis

243 779 436 846 efficiendum
458 783 521 848 est:
545 782 702 866 quicum
730 781 896 849 convivari
918 798 1025 846 nemo
1046 780 1106 846 cet
1150 777 1317 845 Facillime

242 905 325 953 error
347 887 421 953 oriri
444 891 564 971 poterat
586 906 622 953 er
642 907 791 954 concursu
813 887 999 973 syllabarum
1030 905 1112 952 cum
1137 886 1169 950 et
1190 904 1270 951 con.
1283 888 1316 962 ²³⁶)

342 1027 423 1093 lbid.
436 1029 493 1093 81:
517 1029 672 1094 statuit
693 1032 863 1095 senatus
880 1029 969 1107 hcc,
984 1044 1038 1092 ne
1062 1026 1131 1092 illi
1152 1025 1315 1110 quidem

242 1133 529 1213 esse’licitum
558 1134 620 1199 cui
653 1133 912 1202 concesserat
941 1136 1086 1208 omnia,
1117 1151 1136 1197 a
1164 1132 1314 1215 populo

242 1241 439 1306 factarum
474 1241 813 1326 quaesitarumque
835 1261 964 1307 rerum
985 1258 1157 1306 summas
1178 1240 1314 1304 immi-

242 1367 371 1412 nuere.
424 1349 515 1414 Rem
543 1347 676 1412 facere
699 1347 737 1412 de
760 1349 879 1433 privato
900 1347 1025 1413 homine
1047 1345 1216 1412 familiares
1240 1365 1313 1429 opes

241 1453 301 1520 sibi
324 1456 450 1538 parante
471 1459 553 1519 recte
577 1456 608 1518 et
629 1455 744 1520 usitate
766 1453 897 1530 dicitur;
927 1472 989 1520 res
1019 1453 1034 1517 f
1039 1471 1152 1519 acere
1184 1451 1313 1536 (plurali

241 1559 383 1645 numero)
419 1562 472 1626 aut
508 1579 570 1625 res
603 1561 649 1626 ab
681 1561 817 1645 aliquo
851 1561 969 1627 laeta
1003 1577 1153 1643 nusquam
1188 1558 1312 1634 dicitur,

241 1668 353 1732 nedum
386 1685 449 1732 res
482 1685 501 1730 a
534 1667 682 1748 populo
712 1666 839 1732 feotae.
891 1668 1004 1751 Agitur
1025 1666 1172 1732 hocloco
1194 1664 1234 1732 de
1256 1683 1310 1748 pe-

241 1773 348 1851 cuniis,
378 1791 445 1856 quse
472 1781 510 1837 ex
538 1772 709 1839 licitatione
738 1774 770 1839 et
797 1773 1010 1856 redemptione
1032 1772 1147 1855 populo
1168 1789 1188 1836 a
1209 1773 1312 1854 publi-

240 1879 325 1945 canis
341 1878 501 1944 debentur.
535 1879 692 1960 Scriptum
714 1879 811 1963 igitur
833 1880 948 1946 fuerat:
970 1879 1118 1962 populo
1140 1880 1309 1964 pactarum

238 1986 582 2070 quaesitarumque
604 2004 744 2054 rernm.
791 1985 971 2069 Praepositio
994 1987 1061 2060 orta
1083 1985 1132 2050 est
1153 2004 1190 2050 ex
1211 1987 1310 2070 gemi-

240 2094 314 2158 nata
335 2093 448 2166 littera,
472 2110 539 2175 quae
560 2091 708 2173 praecedit
732 2094 899 2170 (omnia).
950 2091 1104 2175 Populo
1126 2110 1175 2156 res
1197 2112 1217 2156 a
1237 2111 1308 2157 ceu-

239 2199 359 2265 soribus
382 2200 479 2282 puctae
502 2199 700 2283 quaesiteeque
723 2200 819 2282 erant,
842 2217 901 2264 nou
924 2217 943 2263 u
964 2199 1119 2280 populo.

338 2339 486 2408 ibium:
511 2340 878 2424 Audistis‚quenti
901 2339 1308 2423 decumasacoeperit
1342 2350 1343 2375 ι

238 2468 256 2514 a
289 2449 451 2515 Docimo
474 2448 639 2527 civitas,
673 2447 813 2512 tritici
841 2446 1016 2512 modium
1046 2437 1073 2511 V
1103 2449 1143 2510 et
1167 2463 1305 2510 acces·

238 2555 400 2618 sionem.
435 2551 728 2619 Mirificahaecest
749 2553 862 2618 oratio·
885 2555 1026 2636 quanti
1181 2533 1341 2617 millia

239 2660 277 2723 et
298 2659 583 2724 accessionem.
634 2661 819 2725 Acesteuses
852 2659 995 2725 decumas
1022 2679 1094 2726 snas
1123 2625 1340 2742 acceperunt
1338 2693 1339 2766 l

238 2765 308 2842 (hoc
341 2763 403 2828 est:
438 2763 565 2828 Docimo
600 2765 717 2830 enormi
748 2767 848 2847 pretio
884 2765 1070 2832 addictas
1060 2765 1120 2849 rpsi
1157 2765 1304 2830 redimere
1336 2789 1338 2866 4

237 2869 442 2946 coactisuut)
471 2870 607 2936 tritici
637 2863 925 2939 modiumVet
910 2871 1302 2944 successionefflsulu

237 2995 329 3060 quem
366 2975 471 3041 tritico
503 2975 614 3043 Verres
652 2978 683 3042 in
722 2979 894 3045 addicendo
934 2979 1137 3060 ascripserat).
1203 2980 1302 3062 Atque

235 3082 316 3147 hanc
338 3083 569 3159 correctionem,
598 3085 741 3168 quoniam
773 3086 837 3151 iam
866 3107 884 3152 a
914 3085 1063 3152 Lambiuo
1091 3087 1123 3150 et
1144 3084 1301 3150 Schueizio

237 3189 350 3254 sectam
367 3188 474 3275 ludeo,
497 3191 680 3271 omisissem,
704 3193 763 3258 nisi
785 3193 990 3260 recentissimi
1018 3193 1151 3260 editores
1173 3191 1245 3256 inde
1266 3190 1300 3254 ab

236 3294 361 3361 Halmio
397 3295 493 3360 totius
526 3296 587 3362 ioci
621 3301 807 3366 seutentiam
841 3318 964 3383 prorsus
998 3299 1183 3366 evertissent
1216 3298 1300 3362 unius

236 3401 349 3467 codicis
383 3402 518 3486 alioquin
550 3421 624 3470 sane
657 3407 728 3470 boni
763 3407 849 3491 (Lag.
883 3407 936 3482 42)
975 3406 1085 3472 mendo
1124 3404 1298 3480 (tantun-

236 3509 333 3584 dem)
367 3527 419 3590 pro
451 3509 622 3576 ceterorum
652 3511 813 3579 verissima
844 3514 995 3596 scripture
1023 3510 1249 3590 (tantidem)
1269 3509 1296 3572 in

235 3613 403 3680 orationem
425 3614 558 3680 inducto.
610 3614 719 3684 Omnis
747 3621 791 3685 rei
821 3621 949 3704 agendae
970 3618 1080 3685 modus
1102 3635 1157 3702 per
1178 3638 1212 3684 se
1234 3636 1295 3701 per-

286 3925 312 3993 *)
331 3926 347 3996 ἓ
365 3923 400 3982 le
419 3931 523 3981 corium
542 3932 585 3981 est
602 3928 761 3984 mendosum
788 3946 847 3985 esse
875 3932 907 3984 in
935 3947 1048 3985 earum
1075 3946 1186 3985 rerum
1213 3932 1292 3984 iure.

334 4016 383 4072 sed
402 4018 467 4084 quid
486 4020 535 4072 sub
563 4037 674 4075 rerum
701 4024 777 4077 iure
804 4024 898 4090 lateat,
927 4039 981 4078 non
1008 4023 1123 4092 reperio.
1163 4023 1290 4090 (Earum

333 4109 479 4178 muneret)
