2740 4572
414 307 518 363 Seneca
535 306 727 378 Philosophus.
1003 306 1064 372 209

34 501 157 567 lilios
179 502 306 569 alicui
327 505 554 572 restituero
576 508 717 590 potero
740 523 881 590 magno
902 505 1105 588 periculo,

39 605 173 674 libertos
206 609 292 674 sino
324 610 409 677 ullo
441 631 524 678 meo
556 631 630 678 uon
665 612 872 677 dubitabo.
915 610 980 677 Nec
1001 615 1106 678 tamen

38 712 212 778 certissima
233 715 292 780 hac
312 716 524 783 emendatione
541 718 646 784 locum
659 737 783 800 prorsus
799 720 999 800 personatum
1015 719 1106 800 puto;

39 817 222 902 relinquitur
233 822 312 887 enim
323 823 642 890 incommodissimum
652 824 781 889 verbum
796 826 935 908 potero
946 823 1105 907 (quoniam

40 925 201 1004 potestatis
233 927 319 993 nulla
350 928 401 995 hle
428 929 551 995 ridetur
578 949 647 996 csso
675 929 860 1015 significatio
881 928 1105 1013 dicendumque

39 1029 133 1096 luisse
154 1031 338 1114 simpliciter
365 1037 582 1102 restituam
611 1041 666 1102 aut
690 1035 917 1102 restituere
938 1054 1007 1100 curn
1030 1053 1105 1100 non

36 1135 233 1204 dubitabo
254 1141 513 1224 coniungendam)
528 1147 560 1207 et
578 1143 675 1208 nimis
697 1142 877 1226 ambiguum
900 1143 933 1207 et
952 1142 1106 1208 incertum

39 1242 242 1310 restitutionis
262 1247 443 1312 uocabulum
467 1267 524 1314 nou
549 1249 656 1314 addito
685 1265 784 1332 neque
811 1247 993 1332 significato,
1023 1247 1105 1312 undo

39 1347 249 1429 restituantur,
271 1353 356 1417 uelut
378 1371 413 1418 cx
426 1353 575 1420 servituto
590 1356 645 1420 ant
658 1355 846 1437 captivitate.
891 1353 980 1419 Hanc
1000 1355 1105 1418 autem

39 1453 134 1532 ipsam
173 1457 427 1540 significationem
463 1461 560 1525 latore
595 1461 728 1526 arbitror
762 1460 821 1525 sub
855 1458 910 1523 illo
946 1461 1106 1540 potero,

38 1560 196 1644 audooqua
217 1563 366 1647 suspicari
388 1566 497 1632 uraca
523 1584 597 1632 uoce
619 1567 767 1632 Senonum
795 1583 885 1630 usum
914 1582 981 1629 esso
1007 1564 1106 1647 scrip·

40 1663 193 1749 sisscquo:
214 1669 428 1755 Tamquam
448 1671 565 1736 lilios
587 1671 715 1738 alicui
737 1673 961 1738 restituere
983 1670 1107 1755 epira·

40 1772 119 1840 torio
135 1792 276 1859 magno
293 1776 688 1859 periculo,libortos
710 1777 796 1844 sine
818 1777 903 1842 ullo
926 1794 1008 1842 meo
1031 1794 1105 1842 non

25 1875 243 1948 dubitabo.
296 1882 396 1964 Quam
423 1884 566 1968 frequens
593 1884 754 1949 homiuum
782 1900 801 1948 a
827 1883 936 1966 piratis
962 1883 1105 1967 redemp-

39 1983 137 2050 tomm
160 1988 276 2052 montio
298 1989 341 2053 sit
362 2008 422 2055 non
443 1991 543 2055 solum
563 1991 595 2056 in
611 1989 655 2054 bi.
671 1989 795 2056 Seneca
817 1987 1104 2064 declamationibus,

15 2131 16 2176 p
39 2090 88 2154 scd
108 2092 142 2158 in
167 2093 423 2176 Pompeianorum
444 2097 618 2179 temporum
639 2097 776 2175 historia,
799 2113 905 2160 omnes
928 2099 1050 2159 norunt·

15 2259 16 2276 2
136 2234 422 2316 beclemlro,
445 2239 481 2302 1:
514 2237 597 2302 Non
621 2235 687 2301 diu
716 2235 903 2319 nequitia
936 2235 1105 2316 apparet

42 2357 121 2420 nec,
150 2344 342 2424 quantum
371 2343 551 2421 iubetur,
582 2342 732 2427 peccat.
780 2341 846 2405 Hoc
875 2339 978 2405 ordine
1005 2337 1105 2404 Naza-

16 2449 17 2482 ³
42 2443 151 2526 nanus,
174 2465 244 2513 nam
266 2448 298 2514 in
320 2449 390 2514 aliis
405 2450 551 2516 scribitur
572 2449 741 2531 apparat
763 2445 958 2530 nequitia.
992 2444 1104 2510 Veram

42 2555 222 2635 scripturam
244 2556 416 2621 obscuravit
437 2555 607 2641 geminatio
629 2555 753 2629 vocalis,
769 2553 818 2619 cui
834 2551 979 2618 adiuncta
994 2551 1104 2617 deinde

43 2659 83 2722 est
104 2661 200 2726 stiam
222 2662 423 2727 consonantis.
467 2663 577 2726 l'uerat
599 2661 700 2726 enim:
724 2661 807 2726 Non
830 2661 897 2725 diu
919 2657 1106 2742 nequitia

42 2768 141 2844 parat.
196 2768 237 2831 Et
264 2769 403 2850 tempore
433 2773 465 2833 et
491 2766 636 2852 peccandi
666 2785 810 2834 mensura
831 2765 938 2832 delicit
959 2765 1104 2849 nequitia

42 2869 145 2944 (Video
169 2875 333 2939 nunciam
357 2875 512 2940 Moratum
542 2875 658 2956 paret
686 2874 880 2940 scribendum
911 2872 1035 2949 uidisse,
1057 2872 1106 2937 cui

42 2979 149 3045 nollem
173 2981 315 3048 Gertzius
337 2980 530 3062 opposuisset
551 2979 683 3063 Vergilii
711 2984 743 3045 et
764 2979 888 3044 Claudii
910 2977 1107 3063 Quadrigarii

44 3081 124 3165 locos,
150 3087 183 3151 in
206 3087 316 3170 quibus
339 3087 376 3152 de
398 3086 622 3169 apparitoribus
650 3104 772 3168 prorsus
800 3084 922 3167 proprie
945 3087 977 3149 et
999 3102 1106 3150 noces·

44 3190 114 3257 sario
137 3192 315 3274 apparendi,
338 3211 399 3258 non
420 3192 548 3275 parendi
572 3192 700 3257 uerbum
722 3191 868 3273 ponitur.)

137 3345 192 3426 Ep.
217 3346 266 3421 95,
290 3345 325 3406 2:
347 3345 433 3409 Haec
455 3345 539 3409 si'vs
563 3343 713 3408 levitas
736 3342 798 3406 est
819 3340 906 3406 siue
927 3337 1102 3403 vernili-

43 3446 113 3527 tas,
153 3449 356 3532 punienda
391 3453 453 3516 est
487 3448 758 3532 promittendi
794 3445 1019 3512 facilitate.
1069 3442 1106 3507 ln

44 3556 193 3621 codicibus
226 3557 253 3621 A
287 3561 318 3621 at
351 3558 377 3620 B
410 3556 554 3622 scribitur
590 3554 792 3639 punienda
828 3553 889 3616 est
924 3547 1106 3615 mutendi

44 3657 255 3727 facilitate.
300 3663 458 3729 llsficitur:
487 3663 642 3745 mut<ua
669 3656 977 3742 promitt>cndi
1004 3653 1106 3720 laci·

44 3762 169 3834 litate.
215 3769 331 3836 Oculus
353 3768 508 3835 aberrauit
530 3789 548 3832 a
569 3771 650 3832 mut
671 3766 710 3830 ad
733 3764 837 3830 mitt.

137 3909 218 3974 roro.
248 3910 304 3974 re:
339 3910 435 3974 rnre
465 3908 642 3974 suffusio
670 3874 813 3970 rurrrae
843 3903 943 3970 orris
972 3903 1010 3966 et
1039 3899 1107 3963 ‹re-

44 4016 147 4081 color
178 4017 319 4082 vultus
352 4017 548 4096 tabesque
578 4014 616 4089 in
650 4031 690 4075 sc
721 4009 1046 4092 putrescentium
1068 4003 1107 4068 st

45 4121 234 4187 retorridi
263 4121 387 4206 digiti
417 4119 609 4186 articulis
632 4116 992 4200 obrigescentibus
1015 4130 1106 4176 ner·

870 4230 903 4278 rr
