2728 4582
71 13 241 120 ΙΙ

347 259 406 312 Lib.
426 259 448 312 1.
467 257 533 326 (lap.
552 254 599 310 1v.
635 255 795 312 Athenaeus·
1025 258 1063 320 51

111 451 329 531 πουλύποδος
351 457 390 522 ιλέ
414 449 651 540 πλεκτάνη,
674 459 705 520 εἰ
727 449 822 544 λήψῃ
844 453 928 526 κατά
953 448 1082 539 καιρόν,

110 559 199 648 ἑφθή
223 565 288 648 τῆς
310 557 432 647 οἰιτὴς,
455 558 500 646 ἢν
522 555 544 652 ᾖ
564 557 702 647 μείζων,
726 560 815 630 πολά
840 568 1008 650 κρείττων·

113 665 150 754 ἢν
171 665 273 736 duaci
300 671 333 737 ‹lr
358 665 408 737 (λά
432 661 501 744 άσ’,
524 674 617 759 ἑφθῇ
641 671 769 736 ιιλαιέιν
791 665 953 760 άγσρεάω.

59 774 198 842 tinorum
229 771 449 850 πουλύποδος
483 781 565 844 iusto
597 785 733 860 tempore
762 784 918 862 captorum
949 797 1016 844 earn
1045 793 1113 842 csse
1166 795 1170 802 ’

60 884 231 948 suavitatem
255 884 347 950 homo
375 886 503 968 gulosus
531 887 687 968 praedicat.
718 887 762 963 ut,
784 887 810 950 si
833 905 911 952 nnus
932 888 1036 951 coctus
1059 883 1115 948 aut

60 1008 134 1054 assus
156 993 358 1072 comparetur,
381 993 528 1057 maiorem
551 993 702 1073 praeierat,
729 991 756 1056 si
783 993 859 1057 duos
882 1010 968 1057 assos
989 990 1113 1066 habeat,

61 1113 102 1158 eos
123 1096 211 1160 malit
235 1116 326 1178 quam
350 1119 447 1164 uuum
469 1100 599 1165 coctum.
636 1098 814 1175 (Aberravit
835 1098 1030 1166 Meinekiusn

149 1220 212 1283 Ρ.6
230 1241 245 1284 ο
262 1221 306 1297 (iu
321 1222 459 1288 Clearchi
472 1224 602 1297 verbim:
632 1223 793 1290 Τιθωνοῦ
811 1215 1012 1291 Μελάνθιος
1028 1226 1115 1282 έοαιε

61 1323 306 1408 βουλεύσασθαι
322 1332 467 1413 βέλτιον.
491 1324 510 1395 o‘
524 1335 589 1412 μέν
603 1324 667 1418 γάρ
684 1323 880 1404 α’θαναοίας
896 1320 1117 1412 ἐπιθυμήσας

63 1439 93 1496 έν
113 1428 257 1520 θαλάμῳ
289 1441 463 1519 κρέμαται,
494 1432 634 1502 πάντων
663 1431 731 1503 uiuo
759 1431 870 1524 γήρως
897 1437 1117 1518 ἐστερημένος

63 1541 121 1604 τάν
141 1535 261 1627 ἡδέων,
295 1539 496 1618 Μελάνθιος
520 1546 554 1610 δέ
578 1571 606 1608 ιι.
631 1570 658 1609 τ.
683 1545 712 1608 λ.
765 1544 879 1608 Verum
912 1561 978 1608 esse
1010 1537 1118 1622 nequit
1187 1523 1190 1537 ι

65 1655 224 1731 κρέμαται,
250 1652 393 1731 συσσίτια
416 1651 570 1732 Tithonus
592 1652 624 1716 in
647 1649 787 1718 cubiculo
803 1670 861 1714 non
877 1648 1041 1732 pendebat,
1064 1643 1119 1711 sed

64 1752 172 1820 iacebat
194 1758 272 1821 lecto
296 1761 349 1822 aut
371 1759 499 1840 grabato
522 1759 629 1823 tultus.
681 1758 789 1840 Neque
819 1761 920 1821 tamen
952 1774 987 1819 ex
1013 1766 1127 1818 κεῖται·

65 1861 127 1924 oriri
147 1865 250 1944 potuit
273 1869 444 1947 κρέμαται,
476 1865 529 1929 sed
557 1884 592 1929 ex
621 1865 682 1929 alio
714 1865 804 1928 verbo
826 1863 928 1928 miuus
949 1863 1066 1926 usitato
1089 1860 1122 1923 et

66 1969 135 2032 senis
169 1969 316 2050 decrepiti
351 1973 494 2036 miseram
532 1971 744 2036 condicionem
782 1969 882 2054 magis
916 1967 1119 2052 significante.

65 2073 195 2140 Fortasse
232 2077 396 2143 Clearchus
433 2079 598 2160 scripserat
633 2083 919 2164 χρέμπτεται,
963 2073 1057 2138 tussit
1091 2072 1122 2134 et

21 2177 22 2212 ³
66 2183 146 2261 spuit.
170 2183 286 2259 (Editio
307 2183 430 2249 Aldina
443 2185 537 2250 habet
559 2189 740 2271 κρέμεται.)

157 2307 191 2370 Ρ.
207 2309 272 2372 90:
295 2302 380 2372 άλλά
403 2305 476 2395 μήν
492 2305 570 2377 ουίλέ
594 2311 890 2394 στεφανουμένους
904 2296 981 2369 ου’δὲ
996 2323 1125 2384 μυρου-

22 2411 24 2476 ¹.
69 2417 183 2494 μένους
213 2429 307 2479 ποιεῖ
329 2416 519 2501 (Homerus),
548 2413 660 2502 ὥσπερ
691 2412 768 2481 σνίλὲ
796 2411 1010 2495 θυμιῶντας,
1040 2399 1125 2472 άλλά

23 2533 24 2540 ’
70 2515 200 2586 πάντων
222 2515 353 2586 τούτων
376 2516 539 2589 άπολάων
561 2519 643 2596 τοάς
664 2515 875 2607 οἷνθράπους
890 2522 939 2590 εἰς
956 2509 1127 2582 εάτέλειαν

72 2629 117 2692 καὶ
146 2622 353 2713 ου’τάρκειαν
374 2636 559 2722 ιἐξαιρεῖται
590 2626 671 2704 τσάς
693 2624 829 2713 πρώτου
852 2625 1024 2710 (πρωτθῦ)Ι
1075 2617 1128 2684 3Ῑο

71 2734 154 2800 codex
186 2734 356 2812 Parisinus,
390 2738 476 2802 cuius
510 2737 605 2802 solius
637 2739 805 2819 scripturas
837 2735 887 2798 hic
916 2733 962 2808 (in
982 2729 1128 2812 epitome)

70 2844 184 2908 notatas
224 2842 382 2907 habemus.
442 2843 573 2909 Videtur
609 2845 704 2909 ellici:
744 2841 904 2923 ἐξαίρει
943 2837 1011 2902 καὶ
1048 2828 1129 2904 τοάς

72 2947 263 3032 πρώτους
286 2950 380 3032 (ipsos
402 2951 555 3033 principes
577 2951 625 3014 his
648 2950 813 3015 virtutibus
836 2944 982 3019 extollit).

161 3094 196 3157 P.
217 3094 258 3160 20
277 3108 309 3155 c:
332 3087 393 3159 τάν
415 3139 473 3158 ...
496 3086 666 3178 ὀρχηστήν
682 3096 825 3176 Μέμφιν
844 3082 1005 3153 ἐκάλεσαν
1020 3075 1131 3163 άπαρ·

74 3208 235 3285 χαΐζοντες
264 3196 331 3284 τήν
360 3194 415 3264 διά
439 3199 500 3265 τοῦ
524 3195 680 3285 σώματος
708 3193 816 3264 ου’τοά
844 3195 976 3278 κίνησιν
998 3189 1040 3278 τῇ
1063 3187 1131 3251 τῶν

76 3304 197 3376 πόλεων
220 3303 419 3392 οἷρχαιστέρρι
442 3307 497 3372 καὶ
515 3309 758 3392 βασιλικωτέρρι
781 3331 811 3367 ιι.
833 3329 861 3368 τ.
885 3302 914 3365 λ.
973 3292 1132 3363 Sententia

77 3415 187 3502 flagitat
212 3416 255 3506 τῇ
278 3417 346 3483 τάν
368 3409 503 3482 πόλεων
531 3408 795 3501 άρχαιοτάτμ
825 3413 877 3475 καλ
907 3405 1133 3494 βασιλικω-

77 3523 189 3615 τάτῃ,
211 3543 312 3608 neque
334 3523 380 3588 ita
401 3541 469 3588 raro
491 3541 510 3586 a
533 3521 666 3586 librariis
689 3515 869 3601 superlativi
887 3519 919 3580 et
933 3505 1134 3594 comparativi

80 3634 301 3701 terminationes
331 3629 518 3696 commutari
546 3630 652 3693 notum
684 3627 748 3702 est;
777 3625 816 3690 cf.
842 3623 922 3689 Adu.
951 3619 1026 3686 Crit.
1056 3616 1071 3681 1
1102 3631 1133 3696 p.

33 3737 418 3822 wuauncaaoua

35 4087 37 4129 l

169 3884 203 3974 Ρ.
225 3883 265 3943 25
289 3899 305 3944 c
328 3881 373 3956 (in
399 3876 509 3944 Eubuli
535 3876 701 3951 versibus):

218 3980 292 4054 άλλ’
314 3980 393 4052 οὐδὲ
415 3985 501 4069 μίαν
523 3978 632 4067 άλλην
655 3982 792 4064 ἑταίραν
814 3977 880 4045 εἶδέ
901 4000 952 4049 τις

219 4089 331 4162 αὐτῶν
354 4119 380 4158 ιι.
405 4118 433 4157 τ.
457 4093 487 4156 λ.

897 4186 935 4252 4*
