2728 4582
525 244 689 302 Herodotus.
1059 245 1099 310 25

71 443 107 504 έν
130 440 179 526 τῷ
203 444 238 506 αἱ
261 440 452 525 πυραμίδες
482 448 596 515 ἔνεισι,
623 431 724 526 οὖρος
751 439 832 508 ἄλλο
857 445 1016 531 πέτρινον
1039 444 1149 511 τείνει

10 537 12 546 ’
71 539 208 634 ψάμμῳ
225 551 469 632 κατειλυμένον
485 575 513 614 ιι.
529 574 557 614 ν.
574 551 602 614 t.
646 550 728 630 Apte
750 549 925 616 Herodotus
946 551 984 616 ab
1003 552 1148 616 orientali

70 655 163 735 parte
185 652 313 738 AEgypti
335 655 373 720 ad
406 654 629 721 ooeidentalem
663 656 815 722 transiens
848 656 993 722 admouet
1021 657 1054 721 in
1084 657 1144 722 hee

70 761 163 840 parte
193 755 366 844 pyramides
396 759 472 826 sitas
502 780 576 831 ease.
607 782 683 845 quas
705 762 812 827 statim
835 762 1008 846 legentium
1030 764 1140 829 animis

71 865 191 950 obiicit,
213 868 399 951 praeeipnum
431 869 462 934 et
494 869 527 933 in
561 870 708 934 tentorum
736 869 961 950 exspectatione
993 871 1025 933 et
1046 867 1146 952 ipsius

70 973 251 1038 narratione
273 974 374 1040 looum
396 976 549 1040 tenentes.
1122 994 1124 1002 ’

176 1079 255 1145 ibid.
272 1082 329 1147 25:
353 1078 483 1158 διεξιών
507 1083 568 1166 τῆς
590 1076 728 1168 Λιβύης
750 1079 792 1150 τοί
816 1077 884 1148 ἄνω
908 1075 926 1146 ὁ
948 1078 1043 1168 ἥλιος
1062 1075 1143 1149 adde

71 1189 194 1252 ποιέει·
216 1183 276 1254 ἅτε
305 1182 359 1254 ded
389 1183 520 1263 παντός
549 1191 612 1255 νου
640 1183 762 1276 χρόνου
789 1189 931 1272 αἰθρίου
960 1215 996 1254 τε
1030 1181 1153 1262 ἐόντος·

70 1294 136 1358 τοῦ
159 1287 258 1377 ἠέρος
279 1295 340 1362 τοῦ
363 1290 448 1361 uero?
482 1296 590 1362 ταῦτα
623 1291 666 1362 τοί
697 1297 798 1384 χοιρία
829 1301 883 1363 καί
907 1290 1061 1380 α’λεεινῆς
1083 1296 1145 1380 τῆς

70 1393 183 1486 χώρης
202 1392 331 1488 Ιἐούσης
358 1404 413 1468 ναί
443 1397 579 1486 οίνὲχιων
605 1406 754 1490 ψυχρῶν,
785 1400 915 1482 tergedo
942 1407 1047 1469 ποιέει
1071 1397 1144 1468 οἷόν

10 1561 11 1574 r
72 1533 140 1592 resp
164 1509 231 1578 ναί
264 1504 302 1574 ου’
336 1513 438 1594 θέρος
471 1503 577 1577 έῶθεε
611 1515 739 1576 ποιέειν
774 1505 836 1578 ἰοίν
867 1511 905 1579 ud
940 1513 1048 1597 ,ιοέοον
1081 1510 1146 1576 νοῶ

72 1609 229 1700 ου’ρανοῦ
252 1635 258 1650 ·
281 1617 367 1682 ἕλκει
389 1612 454 1703 χοίρ
478 1610 531 1682 ἐπ’
553 1611 680 1684 ἑωυτόν
700 1617 739 1684 τό
763 1613 852 1702 ὕδωρ
876 1644 905 1682 ιι.
931 1644 960 1682 a.
984 1619 1013 1683 ί..
1057 1617 1152 1688 Hane

73 1723 217 1790 codicum
240 1721 423 1805 scripturam
446 1723 580 1789 Steiuius
600 1743 696 1806 nuper
716 1726 878 1798 revocavit,
895 1727 926 1789 et
938 1724 1026 1806 quasi
1042 1725 1145 1788 omnia

58 1831 168 1911 *plana
190 1848 226 1894 ae
249 1831 406 1912 perspicua
422 1831 533 1904 esseut,
549 1831 580 1894 iu
598 1832 818 1897 commentario
834 1831 1014 1897 Germanice
1029 1832 1142 1912 scripto

74 1955 113 2000 ne
150 1936 246 2000 verbo
284 1936 408 2018 quidem
445 1935 614 2014 admonuit,
648 1937 907 2020 quemadmodum
942 1936 1162 2022 intelligenda,

76 2043 182 2107 essent
204 2043 261 2106 ille
291 2043 344 2107 καί
368 2035 504 2125 α’νέμαν
527 2044 673 2129 ψυχρῶν,
697 2041 859 2124 inquibus
885 2061 923 2107 ne
939 2044 1005 2123 ipsa
1020 2043 1150 2126 quidem.

75 2149 223 2213 orationis
256 2149 354 2213 forma
386 2151 523 2225 oonstat;
562 2169 661 2233 neque
695 2149 776 2214 enim
812 2149 858 2213 illi
895 2135 1051 2234 α’λεεινῆς
1083 2151 1145 2233 τῆς

76 2246 185 2340 χῶρης
208 2246 328 2340 ἐοίοης
354 2258 438 2321 reete
467 2257 653 2339 adiungitur,
686 2265 722 2321 ut
749 2255 892 2320 audiatur
922 2247 1056 2333 ἐόντων,
1079 2254 1144 2335 siue

77 2362 209 2427 artiouio
232 2361 290 2427 hoo
320 2364 374 2429 καί
391 2357 527 2449 οίνὲχιων
544 2363 693 2449 ψυχρῶν.
736 2356 796 2427 sed
817 2361 876 2426 hoo
897 2360 964 2424 leve
987 2361 1044 2434 est,
1065 2358 1142 2438 illud

10 2457 11 2466 ’
76 2466 295 2550 gravissimum
320 2471 351 2534 et
374 2469 535 2550 eiusmodi,
570 2471 606 2532 ut
626 2468 816 2534 occultandae
837 2466 1000 2549 pravitatis
1028 2464 1153 2530 nullum

77 2572 255 2657 perfugium
279 2575 478 2658 relinquatur,
501 2576 583 2659 quod
607 2575 785 2640 Herodotus
807 2573 942 2657 primum
957 2573 990 2638 in
1005 2572 1154 2636 interiore-

80 2681 184 2746 Airioa
217 2680 345 2764 frigidos
378 2685 486 2747 ventos
508 2683 623 2764 spirare
646 2682 759 2761 narrat,
791 2700 882 2764 quam
912 2679 1068 2764 regionem
1096 2697 1153 2744 ea*

76 2786 264 2852 lidissimem
291 2788 356 2870 ipse
384 2787 497 2868 ubique
527 2788 683 2862 describit,
712 2787 823 2852 deinde
851 2786 908 2851 hos
934 2789 1018 2867 ipsos
1039 2787 1146 2850 ventos

10 2923 11 2934 ν
77 2893 143 2959 uim
177 2892 253 2959 solis
283 2893 427 2958 adiurare
450 2876 487 2957 ¹in
510 2893 680 2960 attollenda
701 2912 790 2976 equa.
847 2893 922 2972 Heee
950 2910 1153 2960 cumrerum

78 3001 198 3065 naturae
231 3018 291 3064 nou
313 3001 414 3063 minus
437 3018 530 3082 quam
551 2999 701 3065 Herodoti
730 2999 891 3064 seutentiae
920 3015 1089 3080 repugnare
1111 3016 1153 3062 ao⁴

78 3121 204 3188 prorsus
226 3105 412 3170 eontrarium
436 3105 498 3172 diei
520 3106 630 3171 debere
646 3107 815 3188 superiores
831 3104 961 3169 editores
977 3103 1152 3168 intellexis-

80 3216 159 3287 sent,
181 3230 237 3293 pro
259 3213 315 3278 noi
337 3204 474 3296 α’νέμαν
499 3211 694 3293 scripserant,
725 3211 854 3277 lieenter
882 3227 954 3274 sane
979 3210 1152 3274 orationem

78 3317 317 3400 interpolantes:
354 3311 416 3384 ουίι
452 3311 576 3383 ε’όνουν
608 3311 746 3403 οἶνίμων
779 3316 926 3402 ψυχρῶν.
978 3315 1154 3403 uniames

83 3425 233 3504 quantum
264 3423 329 3490 huo
362 3423 489 3490 lieentia
522 3424 625 3489 stultae
656 3424 800 3507 religioni
836 3423 971 3503 praestat,
1009 3419 1147 3485 oudinum

83 3531 265 3612 seripturam
297 3550 374 3608 nou,
390 3549 460 3594 oum
493 3532 564 3594 nota
596 3528 703 3598 mendi
735 3527 890 3610 retinenti,
913 3527 966 3591 sed
989 3528 1155 3608 tamquam.

83 3645 190 3700 sanam
225 3637 319 3701 tacite
359 3635 500 3718 ponenti!
550 3637 608 3699 Sed
646 3619 729 3700 reeta
765 3635 821 3700 ina
857 3633 1018 3706 sententia,
1056 3651 1148 3714 quem

85 3740 218 3807 editores
239 3743 473 3825 requisiverant,
496 3740 643 3806 facillime
665 3744 698 3806 ot
719 3745 889 3807 certissime
909 3739 1049 3812 efficitur,
1067 3757 1148 3802 erro-

84 3847 186 3930 risque
207 3848 292 3932 origo
314 3846 472 3929 perspicue
494 3849 629 3930 aperitur
651 3848 708 3913 hae
730 3848 962 3912 emendatione:
993 3839 1149 3929 detesteris

85 3954 143 4039 τῆς
164 3947 272 4040 χώρης
295 3950 416 4038 ἐούσης
437 3948 813 4041 ναί<οίυευ>οἷνέχιων
835 3951 983 4040 ψυχρῶν.
1029 3948 1155 4016 Excidit.

85 4059 259 4144 propositio
282 4061 354 4126 anto
374 4060 556 4126 vocabulum
578 4081 597 4126 a
620 4062 717 4127 tribus
731 4060 843 4126 litteris
859 4060 971 4124 iisdem
985 4058 1155 4139 incipiens,

1303 4129 1309 4138 ”
