2728 4582
475 274 660 332 Miscellanea.
1024 276 1062 338 79

140 471 171 536 ln
198 471 435 545 nicaeorum,
464 491 503 536 ne
533 473 658 554 propter
687 471 871 538 tenuitatem
893 488 1010 547 eorum,
1033 489 1103 553 qua

47 575 81 638 ad
102 575 162 640 eius
182 577 276 643 libros
298 574 505 642 emendandos
527 596 608 644 nunc
626 578 760 652 alteram,
777 577 958 659 scriptorem
974 595 1103 644 summa

46 681 82 744 ad
103 700 147 746 ros
166 683 323 748 Romanas
345 684 572 768 cognoscendas
594 683 741 750 utilitatis
763 702 882 750 seroec
898 683 1102 765 perfunctorie

46 788 175 872 attigisse
208 791 321 872 videar,
355 808 447 873 cogor
478 781 596 854 invitus
626 809 692 855 rem
721 787 828 854 miram
852 807 1101 864 commemorare,

47 895 118 974 quod
147 895 200 961 liet
232 896 297 961 sine
332 895 398 960 ulla
431 896 618 962 contumelia
654 895 711 960 viri
746 895 862 978 egregii
895 893 1101 960 Immannelis

47 997 175 1078 Bellieni,
198 1019 290 1084 quem
308 1000 416 1086 quanti
431 1005 461 1068 et
476 1001 588 1068 faciam
605 1003 636 1067 et
651 1021 771 1084 semper
785 1000 921 1077 fecerim,
943 1019 1014 1065 oum
1029 998 1103 1064 alibi

45 1105 100 1169 dixi
126 1108 191 1172 tum
223 1107 356 1174 ubertim
381 1108 412 1172 in
442 1107 619 1188 prestatione
651 1108 759 1189 prioris
792 1104 934 1171 editionis
967 1105 1103 1190 syntaxis

45 1209 148 1278 Graecae
163 1234 192 1297 p.
206 1213 308 1292 XVII,
326 1219 357 1279 et
372 1214 438 1279 sine
454 1213 518 1277 nlla
534 1213 659 1296 indigna
674 1231 708 1278 eo
724 1212 905 1293 suspicione.
940 1209 1017 1274 Cum
1037 1213 1102 1274 eius

43 1315 116 1383 filins
136 1319 212 1386 iuris
234 1322 312 1394 tum,
334 1322 369 1384 ut
392 1320 510 1402 opinor,
533 1319 709 1384 antecessor
724 1317 869 1382 Halensis
891 1319 945 1382 aut
967 1316 1101 1381 lenensis

43 1423 114 1488 inter
133 1445 159 1490 a.
187 1427 267 1489 1840
289 1429 322 1492 et
352 1426 432 1488 1848
460 1423 591 1489 Hanniae
613 1443 663 1488 me
693 1425 860 1489 salutasset
892 1427 924 1488 et
955 1422 1032 1487 mihi
1065 1422 1101 1486 de

43 1532 129 1610 patris
160 1534 254 1598 rebus
283 1531 431 1615 quaerenti
462 1531 617 1595 narrasset
644 1549 724 1606 eum,
748 1547 935 1612 quamquam
958 1529 1047 1594 annis
1068 1529 1102 1592 et

43 1637 187 1702 oculorum
210 1639 389 1704 valetudine
415 1640 614 1720 premeretur,
643 1638 747 1701 umen
777 1641 900 1702 strenue
928 1635 960 1700 in
990 1636 1102 1702 studiis

43 1742 133 1807 rivere
168 1747 200 1809 et
238 1763 324 1809 cum·
347 1745 478 1808 maxime
510 1741 619 1808 Dionis
652 1741 751 1807 Cassii
785 1742 951 1807 editionem
985 1760 1100 1824 parare,

42 1847 95 1913 dixi
116 1869 165 1915 me
188 1869 225 1915 ex
247 1850 388 1935 diligenti
407 1851 473 1915 eius
488 1849 647 1930 scriptoris
660 1848 793 1913 lectione
809 1850 971 1914 annotatas
989 1849 1100 1913 lrnbere

44 1957 262 2022 emendationes
296 1957 423 2040 aliquot,
460 1955 607 2040 quasdam
643 1955 736 2019 etiam
769 1956 858 2038 paulo
891 1953 1102 2029 notabiliorem

44 2077 86 2125 eas
116 2081 166 2126 me
200 2081 236 2127 ex
267 2061 450 2127 adversantis
479 2061 511 2126 in
534 2061 704 2127 chartulam
727 2059 942 2143 transscriptas
964 2061 1019 2124 ant
1041 2060 1100 2141 ipsi

15 2173 16 2182 ’
43 2164 178 2233 daturum
210 2170 264 2233 aut
294 2187 348 2251 per
379 2167 498 2234 litteras
529 2167 567 2232 ad
594 2168 714 2250 patrem
738 2168 803 2230 eius
827 2164 1010 2240 missurum
1032 2167 1101 2230 utro

15 2285 16 2292 ¹
43 2270 141 2339 deinde
175 2275 264 2340 modo
298 2275 529 2345 transmiserim.
563 2292 622 2339 non
656 2271 794 2343 memini,
825 2272 981 2338 transmisi
1010 2277 1101 2337 certe.

42 2375 109 2444 Cum
151 2381 274 2464 aliquo
300 2383 438 2463 tempore
480 2382 552 2462 post
588 2379 728 2444 editionis
770 2377 965 2444 Bekkerianae
1002 2395 1102 2471 errem·

42 2483 117 2570 plum
140 2487 179 2552 ab
207 2488 273 2569 ipso
308 2486 426 2552 editore
458 2485 601 2551 benevole
639 2485 767 2548 missum
804 2484 1000 2566 accepissem,
1038 2482 1101 2546 ridi

42 2589 163 2659 libenter
184 2593 415 2659 emendationes
437 2611 456 2656 a
477 2611 527 2656 mo
548 2590 580 2654 in
603 2589 795 2674 adversariis,
817 2608 885 2673 quae
908 2589 1099 2654 etiamnunc

42 2715 117 2764 servo
139 2701 308 2782 amicisque
332 2700 364 2764 et
385 2702 454 2764 turn
477 2701 508 2762 et
530 2701 637 2782 postea
658 2696 790 2769 ostendi,
805 2697 988 2781 perscriptas
1003 2687 1100 2777 prope*

42 2820 136 2870 omnes
158 2804 270 2870 iisdem
295 2805 395 2887 plane'
408 2805 523 2870 litteris
545 2824 564 2869 a
586 2801 726 2868 Belrkero
746 2802 778 2866 in
795 2803 939 2868 contextu
954 2801 1099 2867 orationis
1139 2873 1141 2877 ¹

41 2911 148 2988 positas
180 2930 255 2989 esse,
288 2912 404 2976 multas
437 2912 583 2976 asterisco
617 2913 748 2987 notatas,
781 2907 840 2975 hoo
875 2911 931 2986 est,
966 2907 1004 2972 ab
1033 2906 1099 2988 ipso

43 3014 169 3083 Belrlrero
201 3018 294 3083 antea
324 3017 474 3091 inventas,
497 3018 572 3104 alias
604 3016 669 3080 sine
697 3015 763 3080 ulla
783 3017 858 3080 nota
881 3015 1040 3095 tamquam
1061 3013 1100 3077 ab

42 3121 99 3188 aliis
121 3125 276 3205 sumptes;
301 3141 335 3187 en
357 3123 406 3188 his
428 3121 586 3188 nonnullas
609 3124 641 3187 et
657 3121 745 3187 laeile
761 3121 851 3186 credo
868 3121 899 3184 et
913 3120 979 3202 ipse
994 3121 1104 3200 postea

42 3229 235 3296 animadverti
269 3230 308 3293 ab
344 3227 426 3306 aliis,
462 3227 593 3294 manime
630 3229 776 3307 Reislrin,¹
808 3243 874 3291 esse
912 3224 1098 3306 praeeeptas;

42 3333 149 3418 aliquot
172 3337 265 3400 etiam
284 3353 374 3410 nunc,
396 3334 454 3400 etsi
476 3334 560 3398 nulla
581 3353 711 3418 usquam
733 3333 793 3398 mei
816 3333 847 3396 in
870 3330 999 3396 Beklreri
1022 3349 1099 3414 pree·

42 3437 142 3507 latione
175 3439 292 3506 mentio
325 3441 407 3506 faeta
441 3443 498 3516 est,
529 3441 606 3505 milri
628 3459 696 3506 meo
719 3439 784 3504 iure
807 3437 961 3504 vindicare
984 3436 1096 3508 videor.

41 3547 116 3612 velut
137 3547 250 3626 XLIII,
273 3547 314 3610 38
336 3547 568 3633 περινῆσαι
591 3566 646 3630 pro
669 3545 831 3631 ercalom.

128 3653 173 3718 Iis
193 3672 277 3720 nunc
298 3654 455 3735 panculas,
478 3673 554 3737 quas
576 3653 688 3720 iterata
709 3650 800 3717 lectIo
823 3653 877 3738 aut
893 3647 1098 3732 pervolutatio

43 3761 194 3844 suggessit,
217 3759 312 3826 addo:

132 3879 253 3963 Fragm.
277 3897 302 3943 α.
325 3877 376 3962 39,
399 3878 418 3941 3
441 3896 470 3962 p.
493 3879 533 3942 36
559 3876 664 3950 Belrlr,
686 3875 801 3941 Vatia:
830 3870 882 3940 der
906 3879 938 3941 cl
965 3876 1099 3958 Ταραν-

44 3995 131 4060 τῖνοι,
159 3981 285 4069 Ιααίσιερ
329 3979 391 4050 σόα
431 3973 586 4071 πόλεμον
624 3975 724 4049 ariaci
763 3974 1097 4068 παρασκευάσαντες,

43 4081 124 4171 ὅμως
146 4097 183 4158 ἐν
205 4096 311 4180 oua'rrp
336 4090 486 4176 φαβρίσυ
507 4081 603 4176 ἦσαν·
626 4094 659 4157 οἱ
680 4086 745 4178 γαρ
771 4083 938 4173 Ῥωμαῖοι
962 4111 1001 4160 a„
1015 4110 1044 4150 τ.
1069 4086 1096 4149 λ.
