2728 4582
274 276 313 339 66
640 271 742 332 usne
764 274 831 348 cap.
849 277 897 332 1v.

231 475 360 548 latinum
383 491 482 556 neque
504 471 585 538 euim
609 473 663 556 qui
684 473 835 540 iactanter
856 474 1014 558 superiora
1036 473 1236 550 enumeravit,
1256 491 1309 547 en*

232 578 272 644 ed
303 598 371 662 quae
403 597 483 643 nuno
506 581 628 656 transit,
662 579 813 646 vilissime
845 581 943 646 videri
975 581 1052 654 vult,
1085 579 1139 646 sed
1163 579 1309 644 modeste

231 686 349 752 seilicet
371 685 460 769 paulo
489 687 694 768 superioribus
724 685 827 752 miuus
855 687 1046 770 sumptuose.
1100 684 1310 751 Soribemlnm

231 793 368 859 videtur:

834 894 939 964 τόίλλα
964 899 999 964 δέ

313 997 379 1088 ἤδη
400 995 451 1070 τοί
473 999 502 1068 τ’
524 995 795 1086 εύτελέοτερ’
816 995 916 1082 ἅττ’,
941 1000 1043 1072 σ’ίκουε
1066 1000 1118 1087 δή.

231 1109 305 1192 Ques
329 1111 402 1189 sint,
426 1110 486 1173 iam
511 1110 591 1177 endi.
650 1107 856 1192 comparativi
886 1116 917 1175 et
939 1111 1120 1194 superlativi
1144 1107 1310 1192 permute-

229 1219 355 1295 tionem,
389 1235 481 1300 quam
513 1215 606 1300 attigi
638 1234 731 1299 supra
763 1215 803 1281 ed
832 1238 860 1300 p.
887 1218 928 1280 20
950 1237 977 1296 ο,
1005 1217 1126 1284 adiuvit
1156 1216 1305 1282 hocloco

229 1319 395 1408 pronomen
430 1315 502 1388 ἅττ’
535 1341 595 1387 non
630 1322 824 1388 intellectum
858 1324 890 1388 et
918 1343 989 1389 eum
1012 1325 1110 1407 priore
1132 1343 1206 1390 vooe
1229 1342 1301 1390 oon-

228 1430 347 1495 fletum.

242 1555 244 1566 ⁴
330 1549 365 1614 P.
380 1547 441 1609 443
458 1565 490 1613 a:
513 1547 711 1632 Κλεομένης
734 1539 752 1612 ὁ
774 1540 942 1631 τύραννος
958 1541 976 1614 ὅ
992 1551 1047 1615 καὶ
1063 1543 1125 1622 τοίς
1146 1574 1304 1634 μαστρο-
1351 1539 1352 1586 1

229 1651 318 1729 πούς
346 1648 408 1728 τοίς
436 1657 637 1738 εἰθισμένας
666 1648 922 1742 προαγωγεύειν
950 1649 1012 1730 τιίς
1034 1659 1219 1742 ἐλευθέρας
1241 1680 1302 1744 γυ·
1351 1657 1352 1660 ’

229 1776 361 1838 ναῑκας,
377 1774 467 1847 τρεῖς
484 1751 507 1846 ἢ
523 1763 685 1845 τέτταρας
700 1756 1049 1846 τοίςέπιφανεοτύτας
1064 1766 1301 1846 πορευομένας
1351 1837 1352 1852 1

230 1857 372 1953 ἐνδήσας
396 1869 444 1941 εἰς
467 1861 612 1940 σσίκκους
628 1868 875 1934 καταποντίσαι
890 1869 956 1935 τισί
973 1853 1174 1953 προστάξας.
1213 1868 1304 1934 Ferri
1350 1931 1351 1964 ρ

229 1976 348 2058 poterat
369 1975 450 2040 nude
472 1974 605 2058 positum
627 1969 689 2046 τοίς
712 1970 994 2059 ἐπιφανεστάτας,
1018 1977 1213 2042 coniunctum
1230 1995 1299 2042 eum

229 2086 464 2166 πορευομένας
485 2078 557 2144 ferri
580 2079 697 2163 nequit,
720 2101 755 2145 no
776 2100 814 2147 ne
836 2082 893 2148 hoe
913 2081 1016 2166 ipsum
1031 2083 1155 2166 quidem
1172 2077 1300 2166 nopev'-
1349 2111 1350 2171 j

229 2197 332 2257 εσθαι
365 2189 447 2253 reete
481 2185 519 2250 de
552 2186 632 2252 lenis
665 2187 804 2252 absolute
836 2188 896 2254 diei
924 2189 1054 2254 videtur.
1098 2188 1302 2254 scribendum
1349 2265 1350 2268 Ἴ

228 2299 294 2363 sine
317 2295 424 2361 dnbio:
456 2288 518 2368 τοίς
551 2297 878 2378 ἐπιφανέστατα
909 2299 1304 2381 είοπορευομένας,

229 2404 287 2469 hoe
309 2402 365 2475 est,
388 2418 456 2484 quae
477 2399 671 2484 apertissime
693 2403 797 2467 domos
819 2403 1027 2468 matronarum
1050 2402 1218 2467 intrabant.

264 2573 265 2580 ε
329 2541 365 2607 Ρ.
380 2541 440 2603 447
457 2539 493 2604 d:
521 2541 575 2626 Τφῖ
599 2533 628 2606 δ’
649 2531 800 2631 ἡμετέρῳ
822 2544 906 2630 χορῷ
926 2543 1019 2618 οἶνος
1035 2545 1132 2628 φίλος
1148 2538 1195 2608 ὦν
1208 2551 1298 2627 θυρὴ
1347 2621 1349 2628 ⁴

230 2639 386 2736 σοφόροις
406 2650 495 2733 μέγα
518 2642 719 2733 πρεσβεύων
744 2643 920 2724 Διόνυσος,
944 2649 1047 2736 φησίν
1062 2646 1145 2717 Ἵων
1167 2641 1186 2714 o‘
1208 2652 1303 2720 Χῖος·

229 2764 266 2824 έν
288 2769 360 2829 τοῖς
389 2754 560 2843 ἐλεγείοις,
591 2779 621 2824 κ·
646 2780 676 2819 τ.
700 2756 730 2820 λ.
775 2755 883 2839 Neque
917 2756 1113 2840 participium
1147 2751 1194 2821 ὥν
1227 2755 1296 2821 ferri

228 2863 333 2948 potest
354 2879 452 2944 neque
473 2863 555 2925 reete
578 2859 616 2925 ed
639 2877 750 2926 nomen
774 2859 866 2934 οἶνος
894 2863 1088 2946 appositione
1117 2861 1302 2946 adiungitur
1350 2945 1351 2948 Ἴ

229 2960 403 3042 Διόνυσος.
448 2963 664 3031 scribendum:
693 2965 785 3041 οἶνος
808 2967 904 3054 φίλος
925 2963 978 3056 χαί
1001 2975 1042 3035 έν
1064 2963 1299 3054 θυρσοφόροις

227 3083 314 3164 μέγα
345 3065 545 3160 πρεσβεύων
573 3067 751 3149 Διόνυσος,
782 3075 885 3161 φησίν
906 3071 990 3143 Ἴων
1015 3069 1034 3142 ὁ
1055 3077 1145 3149 Χῖος
1167 3081 1204 3141 έν
1226 3087 1300 3146 τοῖς

229 3182 400 3271 ἐλεγείοις.
969 3169 972 3178 ’

330 3302 364 3366 Ρ.
387 3300 448 3363 448
469 3299 493 3364 lr
513 3298 652 3364 tollenda
672 3301 745 3365 sunt
766 3302 859 3366 verbe
880 3292 953 3367 αλλ’
975 3294 1075 3386 ἡμεῖς
1091 3291 1299 3385 ’.ζητήσωμεν

228 3427 320 3492 preve
352 3406 459 3472 addite
494 3426 512 3470 ε
545 3406 668 3472 librario
696 3406 810 3490 aliquo,
834 3407 886 3491 qui
908 3426 967 3473 non
990 3406 1195 3472 intellexisset
1216 3406 1299 3470 inter

229 3533 262 3580 se
285 3511 439 3579 contrarie
459 3511 565 3576 referri
585 3511 701 3577 Gallie
714 3511 752 3578 do
767 3507 886 3597 griphis
899 3512 1079 3596 ‘disputandi
1094 3513 1186 3587 viam,
1202 3528 1295 3595 quern
1348 3519 1349 3558 ἐ

227 3621 299 3704 post
325 3616 510 3704 ·Diotimum
528 3616 658 3702 ingredi*
673 3637 931 3706 supervacaneum
959 3618 1012 3696 sit,
1043 3622 1074 3683 et
1098 3638 1175 3697 enm,
1198 3627 1293 3701 'quem
1348 3603 1349 3608 ’

228 3725 362 3792 secuturi
392 3724 671 3810 δειπνοσοφισταί
702 3723 766 3790 sint
797 3725 982 3808 comicorum
1006 3724 1043 3789 ie
1072 3724 1191 3808 griptis
1213 3725 1296 3790 locos
1343 3729 1348 3803 ,l

228 3829 458 3914 colligentes.*)
1345 3827 1348 3952 ρ

263 4017 290 4087 *)
308 4017 339 4072 Ρ,
350 4015 401 4072 451
412 4015 430 4070 b
440 4030 490 4070 scr.
501 4014 601 4080 τούτου
620 4013 784 4088 τοῦλόγου
799 4014 859 4085 (pro
869 4014 980 4085 τούτου)
999 4022 1027 4072 et
1040 4014 1136 4072 deinde
1155 4012 1194 4070 εύ
1203 4015 1240 4070 io
1249 4033 1293 4068 κε’

327 4110 437 4181 μούσῃ
454 4125 505 4178 pro
524 4107 730 4178 εύὸοιιιμοῦοαι.
900 4111 903 4116 ’
966 4117 968 4122 ’
