2712 4576
287 193 346 262 130
601 237 604 244 ,
648 197 709 252 Lib.
727 197 774 251 ΙΙ.ι
786 194 852 267 Cep.
870 196 907 252 H.

242 398 302 462 nis
333 392 568 479 ueterisque
593 393 847 460 Sullanarum
870 392 1196 478 assignationum
1220 411 1314 474 pos·

241 501 475 567 sessoribus
510 501 680 585 agrariae
713 499 798 584 legi
833 505 871 567 et
905 493 1121 567 eommodie
1158 497 1313 565 vestris

136 683 137 688 η
240 608 453 675 obsistere.
487 608 615 674 Prorsus
630 610 836 672 monstrorum
860 607 976 672 similes
997 607 1029 672 bi
1051 611 1124 672 sunt
1144 604 1312 689 tyranni,

240 716 380 783 homines
413 733 449 779 ex
470 713 584 779 misero
608 717 640 778 et
661 713 765 798 egenti
788 714 986 784 Sullanorum
1006 713 1183 779 colonorum
1205 729 1312 794 grege,

240 824 323 890 eerto
346 822 441 886 etiam
465 838 596 886 numero
613 813 834 903 comprehensi.
881 820 1018 900 Quorum
1039 837 1138 902 neque
1159 815 1193 882 in
1216 835 1312 898 supe·

240 929 370 994 rioribus
407 926 596 994 orationibus
632 933 731 1008 neque
767 929 798 991 in
835 925 953 1009 reliqua
990 925 1101 992 horum
1133 926 1311 1008 temporum

239 1034 388 1102 memorie
408 1032 507 1098 ullum
529 1030 744 1098 tenuissimum
767 1030 936 1114 vestigium
959 1031 1101 1117 reperias.
1131 1031 1193 1096 Sed
1210 1033 1310 1096 mani·

237 1143 318 1208 festa
333 1140 447 1206 ¹horum
469 1141 667 1224 tyrannorum
691 1140 739 1203 est
760 1139 855 1222 origo.
908 1138 989 1204 Nam
1013 1138 1118 1204 Cicero
1141 1137 1180 1202 ad
1209 1157 1309 1220 genus

237 1246 395 1315 homiuum
418 1243 653 1332 significandum
677 1263 772 1309 unum
795 1245 827 1310 et
842 1245 974 1310 alterurn
988 1263 1096 1308 nomen
1112 1244 1307 1310 sermonibus

236 1355 321 1438 vulgi
342 1354 491 1418 iactatum
520 1351 672 1434 posuerat,
702 1351 759 1415 heo
781 1351 928 1417 orationis
950 1351 1065 1416 forma:
1092 1368 1148 1414 me
1171 1350 1308 1434 grati·

236 1462 432 1527 sinautem
471 1456 639 1544 Septimiis,
675 1456 845 1526 Turraniis
887 1458 1122 1540 ceterisque
1166 1455 1307 1522 Sulla-

237 1585 376 1632 narum
398 1562 723 1646 assignationum
754 1563 1072 1646 possessoribus.

334 1733 395 1799 Pro
417 1731 447 1796 G.
470 1727 603 1795 Rabirio
632 1729 816 1816 (perduell.)
844 1730 902 1796 24:
937 1731 990 1795 At
1018 1730 1051 1796 0.
1082 1729 1304 1802 Decianus.

235 1838 280 1904 de
301 1856 377 1922 quo
399 1837 441 1901 tu
461 1855 570 1918 saepe
593 1851 896 1916 commemoras,
927 1838 1038 1920 quia,
1061 1854 1147 1902 oum
1172 1836 1303 1901 homi·

236 1964 320 2010 nem
353 1943 539 2009 omnibus
571 1943 776 2026 insignem
804 1943 914 2009 notis
944 1941 1243 2026 turpitudinis,
1267 1942 1301 2006 P.

233 2049 411 2124 Furium,
434 2050 652 2115 accusaret
673 2068 820 2116 summo
844 2048 982 2115 studio
1004 2049 1196 2116 bonorum
1222 2069 1302 2114 om-

232 2158 358 2232 nium,
396 2155 512 2240 queri
549 2155 613 2220 est
648 2175 770 2223 ausus
801 2157 839 2220 in
871 2157 1062 2222 contione
1097 2156 1140 2222 de
1173 2159 1302 2221 morte

128 2326 130 2332 .
232 2263 464 2336 Saturnini,
501 2262 798 2330 condemnatus
835 2265 914 2341 est,
952 2267 991 2328 et
1026 2261 1105 2330 Sex.
1144 2263 1301 2340 Titius,

232 2370 336 2456 quod
357 2369 501 2438 habuit
523 2368 743 2452 imaginem
766 2367 800 2434 L.
824 2367 1042 2434 Saturnini
1071 2368 1176 2434 domi
1206 2386 1301 2451 suae,

232 2476 523 2543 condemnatus
545 2477 616 2540 ost.
659 2473 821 2557 Nusquam
837 2474 943 2544 Oioero
965 2476 1042 2541 dues
1063 2474 1234 2540 sententias
1257 2475 1302 2540 sie

231 2582 389 2666 copulatae
412 2582 518 2650 eodem
543 2582 635 2648 verbo
657 2581 845 2648 terminavit.
869 2669 870 2672 Ἴ
895 2581 1074 2647 Alteroulro
1096 2579 1163 2646 loeo
1186 2580 1301 2646 tollen-

232 2691 305 2753 dum
328 2692 375 2753 est
397 2687 688 2753 condemnatus
711 2689 781 2752 est.

332 2851 395 2928 Pro
410 2849 590 2917 Murenae:
613 2848 710 2931 Quis
732 2851 832 2916 mihi
853 2850 891 2915 in
908 2867 953 2915 ¹re
975 2849 1138 2934 publiea
1159 2851 1299 2931 potest

231 2959 298 3023 ant
321 2956 442 3022 debet
465 2974 552 3022 esse
571 2957 828 3024 ooniuoetior
851 2948 1033 3041 quomis,
1056 2957 1120 3022 oui
1141 2975 1205 3023 res
1227 2975 1298 3040 pu-

230 3062 339 3129 bliea
371 3081 390 3126 a
423 3081 479 3128 me
512 3081 589 3128 uua
625 3063 809 3129 traditur
845 3063 1106 3140 sustinenda,
1142 3065 1299 3145 magnis

231 3169 330 3236 meis
352 3169 565 3244 laboribus
588 3170 626 3234 et
648 3170 849 3253 perieulis
872 3171 1133 3236 sustentata?
1165 3169 1296 3236 Mondo-

230 3287 298 3344 snm
322 3295 389 3343 esse
411 3295 484 3342 une
506 3275 606 3352 multi,
635 3295 673 3340 ne
696 3274 796 3342 diuam
825 3294 941 3355 omnes,
968 3274 1195 3355 intellexerunt,
1218 3274 1297 3358 quod

230 3384 282 3464 qui
303 3383 372 3448 tolli
394 3382 579 3466 simpliciter
599 3383 768 3460 voluerunt,
797 3383 877 3448 unde
905 3387 1012 3448 nalum
1038 3384 1132 3460 esset,
1163 3402 1295 3467 quaerere

229 3489 260 3552 et
293 3488 393 3554 dicere
425 3489 513 3555 obliti
546 3492 635 3566 sunt,
669 3488 722 3571 qui
751 3489 911 3574 corrigere,
942 3488 1020 3552 nihil
1041 3488 1201 3572 probabile
1224 3489 1294 3554 effe-

229 3597 341 3662 cerunt.
394 3591 563 3678 Scripseret
592 3593 714 3661 Cicero:
748 3596 811 3660 eui
843 3595 893 3663 rei
913 3593 1052 3680 publioae
1074 3599 1171 3660 ame
1200 3597 1294 3662 ruina

228 3698 409 3764 traditur
431 3699 690 3781 sustinenda,
706 3748 713 3764 .
731 3748 738 3765 .
755 3748 786 3765 ..
810 3702 1056 3768 sustentate.
1089 3700 1194 3767 Latini
1216 3703 1292 3768 enim

228 3805 352 3871 ruinae
367 3805 489 3872 nomine
503 3810 632 3873 utuntur
647 3807 684 3872 de
697 3808 765 3890 ipsa
779 3827 810 3873 re
825 3809 926 3874 rneuti
943 3808 1000 3878 aut
1013 3808 1134 3874 ruinam
1149 3809 1290 3883 minanli;

228 3910 334 3994 itaque
357 3930 461 3980 eorum
484 3933 541 3979 usu
562 3915 654 3980 ruina
676 3913 846 3982 sustinetur
867 3918 898 3981 et
927 3914 1078 3990 fulcitum·
1093 3934 1133 3980 ne
1150 3935 1225 4002 ¹vere
1243 3933 1289 3979 res

228 4017 334 4094 eadat3
352 4021 428 4099 poet
449 4018 513 4082 red.
535 4019 566 4082 in
587 4038 650 4084 een.
668 4021 706 4084 18
729 4021 822 4088 etiam
845 4021 969 4090 ruine
991 4023 1214 4102 consulum,
1235 4021 1288 4085 hoc
