2712 4576
137 310 138 314 .
252 256 311 322 roa
624 258 684 314 uio.
704 259 730 312 ιι
760 259 825 330 cup.
846 260 867 313 1.

309 453 389 521 Ihid.
423 457 502 522 109:
538 455 643 522 Tuus
680 456 802 523 etiam
840 457 1031 542 gentilis,
1065 456 1207 534 Brute,
1238 455 1290 520 M.

209 561 369 628 Pennus
400 561 525 628 facile
558 564 735 646 agitavit
767 563 806 628 in
842 564 1056 632 tribunatu
1094 561 1127 630 G.
1158 562 1290 628 Grac·

210 667 340 745 chum,
373 667 533 752 paulum
567 670 686 736 aetate
718 670 982 753 antecedens;
1004 668 1213 735 luitenim
1235 668 1286 733 M.

209 765 361 859 Lepido
390 777 429 840 et
458 774 492 844 L.
521 773 665 842 Oreste
696 777 936 843 consulibus
959 777 1135 859 quastor
1155 775 1291 842 Grac·
1351 818 1352 822 =

211 881 326 955 chus,
356 882 546 948 tribunus
580 883 736 948 Pennus
764 886 823 948 cet
866 881 926 949 Hic
947 883 1032 949 locus
1053 883 1084 948 iu
1108 881 1226 947 Baiteri
1254 885 1293 948 et

212 987 340 1073 Kayseri
362 986 499 1072 exemplo
522 1007 642 1054 summo
662 989 727 1055 iure
747 987 866 1054 infelici
888 990 977 1074 signo
996 990 1122 1054 notatus
1138 989 1205 1063 θοις
1226 1007 1293 1054 ιιοο

211 1096 314 1160 amon
337 1094 484 1160 mendum
507 1094 538 1158 io
560 1095 705 1160 adverbio
734 1094 858 1161 lacile
885 1096 989 1161 sedem
1018 1094 1122 1170 hahet,
1144 1113 1200 1177 pro
1222 1114 1292 1178 quo

88 1215 92 1222 ·
212 1201 276 1266 sive
308 1200 442 1266 aalide
475 1199 538 1265 sive
571 1201 704 1266 facete
736 1201 905 1268 substituas
939 1210 991 1278 (-
1013 1203 1179 1286 utrumque
1201 1206 1291 1267 enim

211 1308 270 1374 luit
304 1308 357 1391 qui
387 1307 676 1372 commendaret—
635 1316 698 1382 -l
726 1305 913 1390 relinquitur
933 1326 969 1372 ac
989 1308 1088 1390 priore
1110 1307 1292 1374 mutatione

213 1413 306 1482 etiam
330 1415 423 1496 auget
424 1432 460 1476 ur
409 1411 607 1477 todeneio
629 1432 665 1478 ac
686 1413 829 1496 suspicio,
845 1431 914 1497 quae
928 1432 965 1479 es
980 1432 1015 1479 eo
1031 1414 1177 1486 nascitur.
1197 1415 1353 1498 quod
1352 1473 1353 1476 ,

211 1520 301 1586 homo
322 1518 456 1597 aliunde,
478 1518 506 1583 si
522 1518 654 1600 excipias
670 1520 709 1585 do
725 1517 784 1585 Off
800 1520 858 1594 111,
869 1519 921 1594 47,
935 1519 1085 1603 ignotus
1075 1538 1106 1583 ιιι
1122 1520 1292 1588 tribunatu

212 1646 268 1692 suo
289 1625 323 1693 G.
341 1625 511 1692 Gracchum
535 1624 659 1709 ingenio
680 1626 713 1689 et
733 1627 838 1708 populi
860 1624 961 1691 lavore
982 1625 1238 1691 florentissimum
1256 1629 1291 1692 et

212 1727 461 1815 potentissimum
494 1730 584 1796 facile
612 1735 667 1796 aut
695 1731 786 1797 valde
818 1731 953 1815 agitasse
984 1731 1097 1798 dicitur
1127 1739 1214 1809 (nam
1248 1734 1291 1798 in

213 1837 428 1902 tribunatu
448 1836 616 1902 necessario
632 1856 702 1901 cum
717 1838 895 1922 agitarit
917 1837 1120 1921 coniungitur,
1135 1842 1172 1902 ut
1186 1839 1291 1921 ipsius

214 1943 310 2008 Penni
346 1940 520 2008 tribunatus
555 1942 766 2027 intelligatur).
828 1944 972 2017 Accedit.
1012 1943 1093 2028 quod
1133 1942 1290 2025 proximis
1353 1957 1354 2006 ι

213 2050 316 2116 uerbis
338 2049 452 2114 dicitur
473 2049 595 2114 Pennus
619 2068 654 2114 eo
676 2053 813 2134 tempore
836 2052 976 2117 tribunus
991 2052 1170 2134 fuisseque
1187 2049 1292 2116 Grac-

214 2154 290 2222 chus
327 2157 513 2239 quaesturam
551 2159 671 2240 gereret
703 2155 834 2222 necdum
868 2157 997 2224 consilia
1028 2161 1060 2222 et
1095 2156 1180 2240 leges
1213 2175 1291 2222 suas

213 2262 402 2345 protulisset.
447 2260 507 2328 Sed
529 2281 652 2327 ornnem
669 2261 832 2328 demendo
851 2263 1077 2329 dubitationem
1093 2262 1186 2336 tollit,
1204 2264 1290 2346 quod

215 2370 247 2434 in
269 2369 424 2437 codicibus
447 2387 507 2434 nou
530 2367 563 2436 G.
588 2369 812 2436 Gracchum
833 2367 1012 2450 paulum,
1042 2367 1096 2434 sed
1123 2367 1291 2450 paulum

216 2476 249 2542 G.
273 2474 494 2543 Gracchum
528 2475 681 2551 scribitur,
715 2477 751 2541 ut
777 2475 923 2557 appareat
951 2474 985 2541 G.
1008 2473 1141 2542 Gracchi
1172 2492 1290 2539 nomen
1354 2501 1355 2528 ι

215 2583 339 2648 omniuo
367 2581 446 2646 nihil
474 2580 513 2646 ad
541 2581 715 2663 precedens
744 2582 872 2648 verbum
894 2580 1056 2664 pertinere.
1085 2580 1140 2646 sed
1162 2581 1290 2645 tantum

216 2687 254 2753 ad
287 2686 550 2763 antecedens,
584 2685 819 2769 Gracchumque
852 2707 869 2752 a
902 2686 1046 2753 Cicerone
1075 2706 1145 2753 cum
1179 2687 1290 2752 Panno

215 2812 290 2881 una
308 2791 409 2858 aetatis
442 2791 672 2874 comparatione
704 2793 859 2877 coniungi.
907 2794 953 2860 De
983 2793 1049 2875 ipso
1075 2793 1179 2858 Penne
1202 2793 1288 2874 quod

205 2897 322 2965 -Gicero
343 2897 431 2971 dirit,
454 2899 555 2963 totum
579 2898 755 2965 continetur
776 2899 876 2964 verbis
895 2899 1019 2966 facile
1042 2898 1221 2984 agitavit
1242 2899 1283 2963 in

216 3005 447 3087 tribunatu;
469 3002 574 3088 itaque
588 3005 642 3070 ubi
657 3023 738 3071 nunc
758 3005 938 3090 agita-vit
960 3004 1115 3082 scribitur,
1136 3003 1289 3085 scriptum

316 3261 432 3331 primum
463 3263 553 3318 locum
581 3263 703 3318 obtinere
731 3262 867 3318 debebant
894 3263 952 3331 -),
982 3257 1148 3328 relinquitur
1182 3248 1288 3324 aliquid

318 3355 408 3412 scabri
427 3361 455 3411 et
472 3356 564 3412 vitiosi
582 3357 611 3411 in
629 3357 682 3412 hac
701 3355 903 3412 coniunctione:
933 3353 1037 3409 etiam
1053 3351 1085 3406 Ir.
1104 3349 1288 3405 Lentulum

317 3486 416 3516 ....,
444 3448 475 3516 Q.
493 3449 709 3506 Nobiliorem
727 3487 733 3500 .
754 3489 761 3502 .
781 3488 788 3502 .
808 3487 816 3503 .
835 3454 866 3503 et
885 3447 916 3502 Τ.
937 3447 1085 3502 Annium
1102 3443 1285 3498 Luscum..

318 3559 385 3598 non
416 3541 624 3598 indisertum
655 3542 777 3596 dicunt
805 3539 927 3609 luisse3
964 3553 1028 3594 nam
1064 3543 1097 3592 et
1129 3534 1286 3590 coniunctio

317 3651 400 3705 prave
416 3635 445 3689 in
457 3635 538 3690 tertio
551 3634 672 3690 membro
686 3634 804 3703 additur,
814 3640 842 3689 et
854 3633 1066 3703 exspectabatur
1084 3629 1286 3694 indisertos;

319 3728 367 3783 sed
394 3728 528 3784 correctio
555 3729 655 3784 erroris
673 3727 769 3797 pusilli
790 3728 896 3782 incerta
914 3732 1006 3781 tamen
1025 3729 1076 3780 est
1104 3725 1151 3778 Et
1180 3722 1287 3791 quidem

318 3821 446 3877 facillime
465 3838 498 3876 ex
517 3820 725 3877 deduxisset
750 3827 845 3876 natum
872 3835 933 3875 esse
960 3824 1060 3888 potest.
1105 3816 1185 3885 Quod
1212 3814 1228 3886 ᾗ
1254 3815 1287 3870 90

318 3915 491 3971 scribendum
520 3922 732 3970 annotaveram:
770 3913 857 3969 nihil
890 3926 1058 3967 recusans
1086 3910 1195 3966 Galba
1226 3923 1285 3979 pro

320 4024 397 4065 sese
429 4009 552 4078 populi
580 4008 718 4064 Romani
749 4007 854 4063 iidem
885 4006 1075 4076 implorans
1105 4019 1179 4058 cum
1208 4016 1285 4056 suos

320 4109 381 4172 cet,
393 4100 503 4156 sublata
520 4100 657 4170 particula
676 4106 709 4154 et
726 4106 791 4168 post
807 4116 869 4169 pro
889 4114 977 4167 sese,
996 4096 1284 4168 occupavitGampius.
