2740 4572
513 260 635 316 Tacitus.
1007 263 1067 326 245

20 449 165 518 duarum
184 455 359 520 litterarum
375 455 546 522 adiectione
568 458 665 523 altero
687 461 907 525 accusandi
930 462 1032 526 ortum
1055 461 1108 541 sit,

23 580 80 623 non
110 560 246 626 definio.

1 747 2 754 ἵ
135 668 293 733 laidet:
316 666 422 732 Illuc
444 666 637 735 Glandius
659 671 807 748 Labeo,
830 690 937 756 quern
960 674 1109 755 captum

23 777 62 837 et
88 779 216 839 extra
238 774 372 838 comta
397 773 651 841 amandatum
681 777 720 842 in
745 777 899 844 lirisios
920 777 1111 859 diximus,

23 880 248 964 corruptis
282 879 523 946 custodibus
555 883 750 966 perfugit.
803 883 891 949 Nihil
914 904 950 949 en
972 885 1020 963 iis,
1042 904 1110 969 quaa
1185 946 1189 952 .

26 1006 81 1069 pro
109 989 260 1067 corrupto
282 987 431 1052 vocabulo
445 987 683 1068 substituuntur,
699 989 771 1055 ferri
788 991 906 1074 potesta
923 1010 994 1057 nam
1013 1009 1111 1075 neque

25 1094 264 1158 conventus
289 1093 357 1175 quis
388 1091 438 1158 hic
468 1093 633 1177 significari
661 1097 770 1177 possit,
792 1096 988 1180 intelligitur,
1011 1115 1111 1181 nsque

24 1199 118 1282 qnod
153 1197 395 1272 confinium,
429 1204 514 1264 entra
543 1201 625 1284 quod
654 1202 755 1267 Labeo
787 1204 978 1281 amandetur,
1012 1221 1110 1287 neque

1 1297 110 1388 'quid
137 1305 183 1369 sit
210 1305 322 1370 entra
351 1308 611 1371 commeatum
644 1308 818 1384 emendaris
842 1328 912 1374 narn
936 1329 1006 1376 cnm
1027 1329 1113 1376 com·

26 1415 146 1478 meatu
178 1415 233 1475 ant
261 1411 326 1476 sine
354 1416 527 1477 commeatu
560 1414 643 1479 abire
672 1415 782 1496 aliquis
809 1415 935 1493 dicitur;
958 1416 1018 1482 nisi
1041 1417 1111 1500 quis

28 1521 118 1583 forte
142 1536 182 1583 eo
204 1515 404 1583 amandatum
426 1519 599 1584 Labeonem
622 1520 682 1585 dici
704 1521 802 1604 putat,
826 1521 889 1601 ubi,
921 1524 1002 1605 quod
1027 1542 1112 1590 corn-

28 1626 164 1690 meatus
188 1623 265 1689 nulli
286 1625 435 1703 venirent,
467 1625 549 1691 foma
577 1625 767 1707 pereundum
791 1631 883 1694 esset.
927 1628 1057 1694 Rectam
1079 1633 1112 1694 et

31 1736 147 1815 aptam
182 1731 366 1795 senteutiam
398 1729 494 1796 efficit
527 1735 640 1799 extra
671 1733 899 1801 commilitium.
943 1735 1051 1802 Solum
1073 1736 1112 1801 ab

1 1845 2 1906 ξ
33 1839 182 1903 militum
214 1854 337 1919 corpore
370 1841 402 1902 et
434 1839 616 1904 commercio
647 1841 823 1922 separatum
853 1845 885 1906 et
912 1840 1110 1908 amandatum

1 1939 2 1944 ’
33 1945 220 2010 Labeonem
250 1943 375 2009 Tacitus
403 1942 496 2023 dieit;
525 1963 619 2028 supra
640 1965 667 2010 o.
691 1946 730 2009 18
758 1947 788 2011 in
817 1947 952 2013 exercitu
981 1949 1114 2014 retinere

1 2107 2 2110 ,
34 2071 112 2114 enm
137 2048 268 2114 Civilem
292 2049 424 2115 uoluisse
446 2050 573 2116 dixerat.
624 2051 691 2116 Non
720 2052 896 2136 infrequens
918 2054 998 2136 apud
1021 2054 1112 2120 huius

1 2219 2 2240 ,
35 2158 145 2222 aetatis
169 2154 333 2236 scriptores
362 2156 599 2222 commilitii
623 2176 732 2223 nomen
763 2163 810 2223 est
839 2162 871 2222 et
899 2159 981 2241 apud
1009 2159 1111 2241 ipsum

1 2319 2 2344 ,
35 2263 189 2328 Taciturn
211 2261 325 2345 legitur
346 2263 427 2328 Anu.
451 2262 475 2340 I,
498 2265 549 2328 60.

145 2367 223 2434 Ibid.
251 2369 292 2430 74
313 2369 356 2446 (iu
380 2368 510 2435 Cerialis
538 2371 618 2452 apud
640 2371 782 2436 Treviros
809 2372 842 2435 et
864 2371 1015 2456 Lingonas
1038 2387 1112 2436 con·

1 2465 2 2472 ’
37 2476 161 2552 tione):
184 2473 319 2556 Regna
341 2475 529 2559 bellaque
552 2475 794 2558 perGallias
816 2495 972 2558 semper
995 2478 1114 2554 fuere,

39 2582 171 2644 donec
192 2579 230 2644 in
254 2583 434 2647 nostrum
455 2581 518 2648 ius
541 2583 835 2649 concederetis.
871 2582 966 2660 Nos,
990 2598 1114 2666 quam·

40 2704 160 2767 quarn
194 2687 324 2752 toties
357 2687 564 2766 lacessiti,
597 2690 684 2754 inre
713 2687 897 2756 victoria
925 2689 964 2755 id
986 2689 1115 2754 solum

40 2792 162 2856 vobis
185 2790 435 2872 addidimus,
465 2813 538 2878 quo
564 2813 699 2878 pacem
722 2798 928 2862 tueremur
949 2802 1007 2863 cet.
1051 2794 1115 2860 Da·

1 2977 2 2984 ¹
40 2899 132 2963 tirus
157 2898 259 2980 inepte
281 2899 340 2964 hoc
365 2900 431 2966 loco
453 2901 605 2981 adiicitur,
636 2904 686 2968 ubi
709 2905 747 2970 de
768 2904 900 2970 vinculis
920 2907 952 2968 et
973 2900 1115 2968 oneribus

1 2989 2 3078 ζ
41 3004 203 3085 impositis
225 3007 342 3088 agitur3
365 3024 402 3070 ue
425 3007 462 3072 de
485 3008 643 3074 beneficiis
673 3010 798 3092 quidem
829 3010 942 3075 usitate
964 3009 1116 3074 diceretur

43 3109 161 3192 populo
190 3109 279 3177 alicui
310 3112 428 3195 aliquid
454 3113 527 3179 addi
554 3113 615 3180 nisi
645 3115 723 3179 forte
746 3115 783 3178 de
805 3114 912 3179 finium
936 3113 1115 3179 adiectione.

1 3241 2 3250 ¹
46 3218 203 3299 Scriptum
227 3216 344 3283 fuerat:
374 3220 413 3284 id
435 3221 562 3285 solum
586 3219 660 3285 novi
681 3220 927 3298 addidimus,
956 3220 1115 3301 aptissime

44 3323 77 3386 in
101 3321 269 3404 superioris
291 3326 412 3401 eteius,
428 3345 497 3408 quae
512 3345 592 3390 nunc
607 3325 657 3402 sit,
672 3325 858 3391 condicionis
875 3323 1113 3406 comparatione.

149 3441 229 3506 Ibid.
252 3444 291 3504 77
322 3443 372 3520 (de
402 3444 560 3510 Gallorum
591 3442 874 3525 Germanorumque
900 3441 931 3507 in
961 3442 1116 3507 Romanos

2 3551 3 3584 l
48 3545 203 3628 impetu):
226 3548 322 3614 Pars
345 3551 548 3617 montibus
576 3551 650 3616 alii
679 3549 754 3615 alii
777 3549 881 3615 viam
902 3549 1012 3613 inter
1035 3546 1116 3613 llo·

50 3653 276 3736 sellamqne
304 3655 454 3722 flumen
484 3659 564 3723 tam
592 3655 809 3740 improvisi
830 3654 1050 3729 assiluere,
1073 3656 1116 3718 ut

50 3763 108 3824 cet.
152 3761 248 3828 Recte
270 3763 333 3827 iam
354 3761 472 3845 pridem
493 3762 648 3829 sublatum
672 3767 738 3828 erat
760 3762 891 3828 ultorum
912 3760 1004 3835 alil,
1026 3758 1116 3823 addi-

2 3817 4 3952 Ι
49 3873 117 3932 tom
138 3868 179 3933 ab
201 3867 311 3952 aliquo,
334 3871 383 3935 cui
405 3869 541 3936 notabile
563 3868 664 3933 risum
685 3869 752 3933 erat
774 3885 863 3951 pars
880 3902 917 3914 -
934 3864 1017 3932 alii.
1056 3861 1117 3927 Sed

50 3978 191 4056 superest
213 3977 391 4059 scrupulus3
424 3994 492 4058 quae
526 3976 574 4040 est
606 3975 687 4040 enirn
719 3972 775 4040 illa
805 3975 885 4051 via,
908 3974 940 4036 et
960 3989 1014 4036 cur
1028 3972 1116 4035 inter

52 4080 133 4145 viam
168 4083 201 4146 et
234 4081 396 4148 Mosellam
430 4102 466 4148 ac
498 4098 556 4146 uon
586 4083 652 4164 ipsa
674 4081 722 4145 via
745 4079 889 4146 Germani
911 4077 1120 4144 assiluerunt?
