2728 4582
535 289 700 344 Herodotus.
988 305 990 314 ’
1071 289 1109 350 21

79 486 107 551 ei
128 485 225 552 fidem
245 486 373 566 babens,
397 486 451 552 sed
474 459 512 552 do
535 486 721 553 obscuritate
739 506 852 561 eornm,
868 447 936 570 quae
950 487 1050 552 mater
1065 485 1154 564 dixit,

79 593 230 674 queritur.
275 592 475 658 Scribendnm
498 591 638 657 videtur:

181 699 302 788 λέγεις,
322 701 429 786 λέγοις
450 723 511 782 μοι
535 691 681 766 unciae*
705 690 768 766 aad
789 698 882 784 σαφῆ
904 691 995 765 τάδε.

233 841 420 924 1601·sqq.:

181 947 245 1012 οὖν
268 937 332 1013 οὖν
355 941 479 1021 σιώπα,
502 958 585 1020 σταῖς
606 938 656 1012 ὅδ’
679 940 723 1020 οἷς
745 951 874 1030 τιέφοκσ
897 939 967 1020 σός,

182 1046 225 1117 ἵν’
248 1047 272 1136 ἦ
294 1049 431 1136 δόκησις
454 1049 598 1125 Ξοῦθον
619 1045 724 1136 ἡδέως
747 1059 816 1139 ἔχη,

184 1153 224 1225 σύ
246 1151 322 1225 τάὖ
343 1155 384 1226 ταΙ
410 1159 539 1244 σαυτῆς
562 1151 668 1246 u'ycid'
691 1153 798 1246 ὲ’χοοσ’
813 1162 896 1244 εἴης,
918 1150 1029 1242 γύναι.

80 1266 141 1330 Pro
163 1267 299 1348 optativo
321 1286 413 1350 pravo
435 1269 506 1350 εἴης
521 1284 602 1330 nunc
617 1285 633 1330 e
647 1265 844 1331 Wakefieldii
860 1265 1035 1332 coniectura
1051 1263 1151 1328 editur
1202 1341 1204 1357 μ

80 1375 145 1457 ἵης.
189 1373 304 1438 Verum
326 1392 386 1437 uon
409 1373 511 1456 agitur
539 1371 577 1434 de
600 1370 722 1436 creusa
746 1371 874 1454 Delphis
899 1371 1036 1435 Athenas
1061 1367 1150 1435 rede-

78 1479 165 1544 untis
187 1480 282 1544 animi
305 1481 398 1557 statu,
421 1479 474 1543 scd
497 1476 536 1542 de
558 1482 706 1560 perpetuo
734 1476 829 1544 futuri
856 1478 1002 1559 temporis
1023 1475 1150 1552 babitn;

81 1585 194 1650 deinde
209 1585 377 1668 requiritur
388 1582 516 1666 aliquid,
528 1584 608 1666 quod
621 1581 807 1648 contrarium
819 1583 862 1647 sit
871 1585 990 1647 nomini
1005 1575 1150 1666 δόκησις.

80 1690 282 1756 Scribcndum
307 1693 356 1756 est
377 1708 438 1754 una
459 1690 566 1755 littera
588 1689 710 1754 addita:

183 1793 224 1864 σύ
247 1788 324 1862 τάὖ
344 1792 385 1861 τοὶ
411 1795 537 1880 σαυτῆς
559 1787 665 1882 οἷγιὶθ’
688 1789 794 1881 ἔχοιτ’
816 1793 947 1883 εἰδῇς,
970 1787 1081 1882 γύναι.

79 1915 180 1980 Xuthi
201 1915 319 1980 laetitias
341 1917 372 1979 in
397 1915 474 1979 salsa
496 1913 637 1996 opinione
659 1915 736 1979 uixae
759 1913 910 1978 contraria
930 1914 1054 1996 ponitur
1069 1916 1153 1978 certa

80 2022 206 2086 Creusa
229 2039 293 2086 snae
314 2019 475 2086 felicitatis
498 2019 638 2086 scientia.

539 2306 624 2387 Gap.
648 2305 692 2369 ll.

518 2425 684 2481 Herodotus.
692 2424 719 2490 *t

183 2574 332 2640 Herodoti
366 2594 452 2657 opus,
487 2577 568 2659 quod
600 2581 678 2652 tum,
716 2594 787 2640 cum
819 2574 1005 2640 Adversaria
1037 2574 1152 2641 Oritica

77 2681 219 2752 edebam,
242 2681 350 2746 muitis
372 2684 460 2749 annis
483 2682 627 2748 continua
649 2699 742 2766 opera
763 2699 822 2746 non
842 2681 986 2764 legeram,
1004 2682 1149 2765 proximis

77 2787 169 2851 anuis
196 2787 347 2853 ”converso
379 2789 418 2852 ad
450 2787 657 2870 antiquiorem
691 2787 817 2854 Graeciae
852 2787 1013 2853 historiam
1046 2789 1149 2854 auimo

76 2893 218 2959 studiose
241 2897 427 2975 pertractavi
449 2896 481 2962 et
503 2896 571 2960 tum
594 2913 639 2978 ea,
656 2914 723 2977 quaa
739 2894 791 2959 bic
805 2894 977 2974 subiiciam,
993 2895 1149 2961 annotavi.

78 2999 206 3064 Initium
232 3000 336 3064 autem
363 3000 474 3066 faciam
502 3002 541 3066 ab
570 3001 720 3066 eiusmodi
748 3003 813 3068 loco
836 3001 874 3078 (Ι,
899 3001 953 3064 27:
984 2993 1150 3087 νησιώτας

78 3107 114 3171 δὲ
137 3107 171 3170 τί
195 3105 320 3189 δοκέεις
342 3102 503 3193 εὔχεσθαι
524 3103 606 3173 ἄλλο
622 3104 658 3190 η”,
674 3108 749 3173 ἕποι’
764 3131 801 3172 τε
817 3101 955 3194 τάχιστα
971 3101 1148 3177 ἐπύθοντό

132 3372 246 3460 *rcum
272 3375 302 3429 in
324 3375 439 3444 legendo
465 3375 602 3432 Herodoto
626 3383 720 3432 uterer
746 3385 866 3447 utroque
891 3377 986 3434 Steinii
1014 3381 1149 3450 exemplo,

179 3483 236 3520 non
253 3483 342 3536 pauca
361 3467 508 3532 emendari,
524 3484 585 3537 quae
597 3475 696 3539 postea
707 3470 762 3524 vidi
776 3471 1014 3542 aValckenaerio,
1024 3473 1147 3538 Reiskio,

181 3558 315 3627 Krbgero,
341 3559 403 3615 aliis
432 3569 580 3632 occupata3
609 3563 664 3617 alia
691 3563 757 3617 mibi
780 3565 960 3634 praeripuerat
986 3567 1052 3621 civis
1070 3584 1147 3623 meus

181 3651 318 3720 Pingelins
331 3653 431 3722 partim
444 3655 473 3708 in
488 3655 582 3709 libello
598 3655 772 3724 scholastico⁷
789 3656 835 3724 qui
848 3657 1018 3713 inscribitur:
1041 3661 1147 3713 Krira'dcc
1176 3677 1179 3684 ·

113 3809 117 3819 Ι
180 3747 375 3812 Anmmrkrrinqer
402 3747 430 3798 til
453 3749 576 3799 Herodoto
610 3748 663 3816 7de,
694 3749 740 3801 ode
768 3769 797 3816 οη
825 3750 873 3801 ede
892 3752 958 3818 309,
986 3753 1102 3806 Hauniae
1120 3769 1145 3806 a.
1192 3799 1194 3806 .

182 3837 250 3892 1874
269 3838 350 3905 edito,
371 3855 450 3907 quem
468 3840 618 3909 philologis
637 3841 738 3896 exteris
757 3843 924 3910 commendo,
938 3845 1037 3914 partim
1056 3845 1145 3911 iniis,

181 3945 242 3997 quae
269 3932 397 3999 privatim
424 3949 485 3986 cum
508 3934 637 4002 Siesbyeo
657 3937 871 4004 communicavit,
890 3936 964 3992 velut
983 3936 1015 3991 de
1035 3938 1052 3992 l.
1071 3937 1092 4005 1,
1111 3938 1148 3991 66

179 4019 293 4094 (ὀλίγῳ
310 4039 360 4092 pro
380 4021 493 4093 ὀλίγον)
520 4033 548 4080 et
573 4027 626 4081 105
652 4025 710 4095 (uoti
729 4024 799 4096 ὁρᾶν
817 4028 963 4095 πάρεστι
981 4035 1054 4092 τοῖς
1072 4025 1146 4082 dur·

180 4114 403 4184 καιομένοις).
