2712 4576
15 65 21 286 Ι
447 253 585 310 Ciceronis
605 253 715 308 Brutus.
1014 251 1073 316 103

54 449 142 514 inerat
162 451 293 516 uerbum
315 450 440 536 aliquod
468 470 522 535 per
550 471 583 518 se
612 451 678 516 sine
703 451 832 525 obiecto.
858 448 932 534 quid
956 448 988 514 in
1011 448 1118 516 Panno

54 555 138 620 tuerit
157 557 329 636 facultatis,
351 557 520 624 declarans.
564 556 735 640 scripserat
762 555 881 624 Cicero:
912 553 1038 622 facila
1059 571 1114 622 aa·

15 649 16 680 *
56 662 154 728 titanit
186 663 226 729 in
260 664 491 740 tribunatu,
512 660 673 745 paulum
696 662 728 730 G.
753 662 974 730 Gracchum
996 665 1115 730 atate

56 769 290 835 antecedens
327 771 385 835 cet.
440 767 544 835 Facile
574 767 697 834 Pennus
730 787 800 836 anm
838 767 930 852 plebs
968 768 1116 836 actitasse

51 875 279 960 tribuniciisqno
302 875 473 942 actionibus
495 878 587 958 aptus
609 873 705 942 tuisse
726 873 890 949 dieitur.*o

15 1027 16 1058 ¹
150 1016 232 1083 lbid.
257 1017 335 1081 116:
367 1017 569 1082 Habemus
600 1013 734 1099 igitur
764 1015 802 1080 in
834 1011 992 1080 Stoicis
1025 1031 1117 1079 ora·

53 1123 206 1190 toribus
230 1121 448 1199 Rutilium,
464 1120 654 1188 Scaurum
675 1120 715 1186 in
737 1119 938 1203 antiquis;
959 1120 1117 1185 utrum·

14 1291 15 1306 ,
50 1247 119 1311 qne
140 1231 274 1296 tamen
296 1228 523 1307 laudemus,
549 1227 737 1312 qnoniam
761 1226 948 1310 perillus
969 1244 1014 1292 ne
1036 1226 1116 1292 bac

14 1321 16 1416 i
50 1334 205 1416 quidem
239 1336 279 1401 in
315 1334 488 1400 civitate
516 1352 664 1418 genera
692 1333 764 1400 bac
794 1331 975 1399 oratoria
998 1330 1116 1398 londo

14 1483 15 1534 q
50 1444 273 1507 caruerunt.
324 1443 365 1507 Et
396 1441 548 1508 rhetorica
575 1438 724 1506 orationis
752 1439 851 1506 forma
873 1440 904 1505 et
924 1437 1024 1522 ipsine
1045 1455 1116 1504 sen·
1211 1516 1213 1529 .

14 1537 15 1622 i
50 1549 151 1614 tentiae
193 1567 300 1615 cursus
344 1550 377 1614 et
416 1547 589 1632 progressio
626 1545 764 1612 ostendit
799 1544 993 1611 scribendum
1031 1561 1116 1610 esse:

54 1651 227 1722 bemanus
247 1655 379 1738 igitur
398 1700 405 1718 .
422 1699 429 1716 .
446 1700 453 1716 .
470 1698 488 1725 .,
506 1655 719 1735 utrumque
741 1651 874 1717 tamen
894 1649 1115 1717 laudemus.

52 1757 152 1844 Neque
184 1762 266 1826 enim
300 1762 459 1844 tamquam
494 1777 599 1824 rernm
621 1757 745 1842 ponitur
772 1756 927 1823 Rutilium
948 1756 982 1823 in
1004 1754 1117 1822 Stoicis

14 1901 15 1906 κ
53 1869 218 1934 onatodbns
250 1866 424 1932 babendum
457 1884 534 1940 asse,
568 1882 698 1948 quorum
733 1863 858 1929 omnino
894 1863 1013 1930 nullum
1049 1863 1117 1929 erat

53 1977 166 2038 comum
187 1993 285 2057 genus
308 1975 364 2037 aut
378 1989 507 2048 uomeu;
522 1969 578 2036 sed
592 1988 627 2036 ex
642 1969 690 2050 iis,
706 1988 775 2053 qnae
789 1970 976 2054 praecodunt
992 1987 1115 2036 summa

14 2065 15 2134 Ῑ
51 2080 93 2144 sic
113 2079 316 2158 concluditur,
338 2081 384 2158 nt,
408 2080 436 2144 si
456 2078 595 2144 Rutilios
617 2078 651 2143 et
671 2076 802 2142 Scaurus
823 2077 959 2144 oratores
981 2072 1116 2142 bobandi

13 2173 15 2212 ⁷
54 2184 122 2265 sint,
142 2187 223 2252 alter
245 2185 356 2252 Stoicis
378 2184 587 2263 ascribendus,
610 2183 688 2249 alter
709 2182 847 2266 antiquis
869 2183 999 2249 dicatur.

146 2301 1117 2376 ibidldlzDoctusotiamdnaeois'l'.dlbucinsral
1172 2301 1174 2304 ’

13 2425 15 2508 y
51 2415 181 2494 potius
221 2434 329 2499 paene
362 2416 538 2490 Graecum
575 2413 733 2496 loquor,
773 2414 815 2478 ut
853 2409 1011 2493 opinor3
1048 2407 1116 2474 sed

51 2519 149 2587 licet
170 2541 212 2587 ex
233 2520 489 2588 orationibus
510 2519 705 2587 iudicare.
737 2516 827 2598 Quod
848 2515 950 2582 vorbis
972 2515 1115 2581 doetus

13 2655 14 2722 q
49 2626 198 2694 (inaecis
220 2627 386 2712 significari
413 2627 464 2694 bic
491 2628 628 2711 putatur,
655 2623 768 2690 Latine
790 2622 851 2690 dici
877 2620 1018 2689 doctus
1040 2621 1122 2688 lit·-

105 2885 130 2952 *J
149 2889 163 2951 ξ
181 2886 234 2942 110
259 2892 336 2941 recte
362 2886 444 2942 Peter
468 2888 533 2956 post
559 2882 659 2938 Aldnm
690 2887 718 2938 et
745 2882 896 2938 victorium
923 2888 997 2938 erat
1021 2880 1057 2938 ad
1076 2898 1117 2939 se·
1198 2953 1200 2957 ,

149 2980 260 3048 quentia
278 2979 365 3033 traxit
381 2978 556 3046 restituitque
575 2991 591 3031 e
609 2974 749 3054 codicibus
772 2975 811 3051 in
826 2975 1026 3044 quibusdam
1045 2975 1116 3054 lau·

149 3072 268 3127 dandis
281 3071 366 3126 vinis
427 3069 621 3140 probabilis
639 3109 664 3124 ..
678 3068 861 3138 industria;
881 3069 929 3124 sed
945 3067 1117 3125 scribendum

150 3172 220 3222 erat:
250 3181 388 3234 quorum
412 3169 532 3219 neuter
548 3161 665 3237 summi
684 3162 831 3217 oratoris
848 3162 967 3217 hebuit
984 3162 1117 3219 laudem

143 3265 180 3314 et
198 3264 340 3327 uterque
357 3257 392 3311 in
405 3256 521 3312 multis
539 3255 652 3312 causis
664 3255 952 3322 versatua<nst>;
970 3255 1053 3311 Erat
1065 3261 1117 3311 eet.

143 3353 210 3407 Est
229 3367 311 3420 quam
330 3365 403 3422 saepe
420 3357 487 3420 post
503 3366 542 3405 ns
561 3347 703 3417 exciderit,
721 3346 778 3402 dixi
796 3353 824 3405 et
839 3352 902 3403 ante
914 3347 1016 3404 multoe
1031 3363 1118 3404 annor

147 3445 176 3499 in
194 3443 346 3513 appendice
364 3443 523 3499 Asconiana
539 3460 568 3513 p.
586 3441 605 3498 4
623 3447 651 3497 et
668 3442 699 3496 in
716 3440 785 3497 Adv.
806 3440 872 3496 crit.
891 3441 920 3496 11
936 3458 964 3511 p.
976 3440 1038 3497 tlt.
1066 3440 1119 3496 Hic

142 3537 258 3606 quidem
287 3551 408 3591 errorem
437 3536 520 3591 etiam
548 3535 650 3591 obiecit
677 3531 827 3590 concursus
853 3534 997 3590 verborum
1022 3539 1073 3589 est
1092 3541 1120 3590 et

142 3635 231 3686 erat.
255 3630 426 3686 Sententiam
443 3631 533 3700 ipsam
550 3645 646 3700 parum
666 3633 741 3684 recte
754 3628 836 3684 Peter
854 3627 997 3684 enarravit.
1023 3628 1118 3684 Cicero

144 3723 223 3791 quod
253 3722 287 3778 de
315 3723 418 3778 Scauro
447 3731 476 3777 et
501 3722 605 3778 Rutilio
631 3721 708 3790 dinit7
727 3720 869 3776 transtulit
888 3721 1066 3777 communiter
1085 3718 1120 3775 ad

143 3818 218 3872 alios
247 3816 381 3885 quosdam
410 3814 532 3872 eiusdem
560 3815 652 3870 aetatia
677 3815 759 3882 viros,
788 3815 817 3868 in
847 3813 946 3883 quibus
972 3812 1119 3868 laudandis

143 3911 236 3980 magis
267 3911 411 3966 industria
444 3925 526 3978 quam
557 3907 661 3974 ingenii
693 3907 828 3962 rationem
854 3907 977 3962 habitam
1002 3904 1119 3973 indicat;

144 4004 248 4060 deinde
268 4004 374 4059 dnobus
392 4010 484 4058 tamen
501 4000 565 4067 illis,
589 3998 692 4054 Scauro
715 4004 744 4053 et
766 3998 880 4065 Rutilio,
898 4013 953 4053 non
971 4003 1028 4052 tam
1045 3995 1123 4064 inge-

99 4122 100 4125 *
150 4098 224 4154 nium
244 4096 352 4152 omnino
373 4094 492 4152 defuisse
511 4106 591 4159 quam
611 4091 760 4145 oratorium
779 4090 919 4159 ingenium
937 4093 1039 4144 censet.
1110 4138 1125 4147 .
