2740 4572
267 219 328 282 m
627 219 927 290 mmmm*

225 416 393 482 terenda
436 415 643 500 superiori
686 418 895 499 potestate
937 414 1156 482 nobilitati
1195 413 1297 480 mibi

225 523 457 605 propinquae
504 541 615 606 quam
664 525 752 606 ipsa
785 524 996 604 potestate
1033 523 1172 587 videor
1207 540 1301 586 esec

228 626 426 694 sublimis.
464 628 633 705 Sententia,
650 649 717 712 qua
734 629 892 707 00110001,
915 629 1048 694 efficitur
1067 631 1152 694 recta
1173 629 1204 692 et
1222 629 1301 709 apta

227 732 291 800 leni
312 733 478 800 admodum
507 736 709 802 correctione:
741 735 879 804 Aeetam
906 733 1045 820 gloriam
1071 752 1174 802 meam
1202 751 1303 798 co-n-

228 841 369 918 fiteor,
392 840 469 926 quia
490 841 607 908 iustius
633 840 674 905 in
704 841 923 908 deferenda
952 840 1158 922 superiori
1179 840 1300 922 pote·

228 947 337 1011 state
372 946 591 1012 nobilitati
638 947 738 1012 mihi
780 947 1013 1030 propinquae
1057 966 1171 1029 quam
1207 947 1302 1030 ipsa

229 1055 437 1134 potestate
459 1052 600 1118 videor
622 1072 710 1120 esse
733 1052 933 1120 sublimis.

330 1158 406 1222 Ibid.
434 1159 479 1236 10,
504 1159 540 1220 11
559 1160 603 1237 (10
619 1160 688 1226 1000
705 1159 741 1225 de
757 1160 941 1226 Hannibalis
955 1179 1010 1241 per
1023 1159 1118 1240 Alpes
1133 1158 1303 1235 transitul:

231 1264 448 1348 excisaque
477 1284 574 1346 rupe
596 1265 635 1330 in
658 1266 897 1332 immensum
918 1264 1042 1340 slata,
1074 1283 1188 1346 quam
1209 1281 1304 1329 cre-

199 1451 202 1456 ,
230 1370 368 1435 mando
407 1371 444 1436 vi
478 1390 617 1454 magna
649 1372 902 1438 flammarum
935 1374 1129 1452 acetoque
1161 1369 1301 1434 infuso

230 1476 356 1542 insoli
387 1477 598 1556 dissolvit,
629 1497 697 1560 per
726 1477 963 1544 Druentiam
985 1477 1136 1542 flumen
1158 1479 1216 1541 cet
1261 1476 1300 1540 In

229 1583 287 1647 hac
309 1584 449 1650 codicum
471 1585 654 1665 optimorum
677 1585 829 1666 scriptura
851 1587 973 1650 tantum
988 1581 1302 1649 rectiusuirimandae

231 1689 345 1754 litterae
377 1691 459 1767 sunt,
490 1691 525 1754 ut
553 1690 722 1756 scribatur:
755 1693 951 1774 acetoque
984 1689 1120 1755 infuso
1148 1688 1300 1756 ineoliolis
1360 1688 1361 1716 ¹

229 1794 334 1860 solvit
389 1797 520 1860 Acetum
549 1797 686 1862 materiae
714 1797 777 1862 inm
805 1797 998 1862 flammarum
1026 1795 1059 1861 vi
1085 1795 1227 1861 insolida
1249 1795 1303 1860 in·

231 1902 332 1964 lusum
355 1918 421 1965 esse
444 1899 565 1967 dicitur.

334 2018 401 2084 Lib.
416 2018 501 2096 XVI,
519 2021 579 2095 1,1
608 2020 659 2097 (ds
682 2005 838 2098 Iuliano)i
858 2019 1057 2104 colligere
1081 2020 1303 2104 provinciae

231 2123 471 2209 fragmenta·
491 2127 567 2193 ium
600 2147 765 2210 parans,
798 2129 832 2193 si
861 2126 1061 2193 affuisset
1080 2128 1187 2193 flatu
1208 2130 1303 2190 tan-

235 2230 318 2302 daur
342 2234 526 2298 secundo.
580 2235 703 2300 Excidit
728 2236 759 2299 in
791 2234 839 2299 hie
865 2236 1029 2317 postremis
1058 2233 1222 2298 fortuna
1249 2235 1307 2297 aut
1362 2275 1363 2306 r

235 2337 339 2403 simile
361 2358 480 2406 nomen.
519 2341 584 2421 [bio
605 2342 667 2406 iam
690 2341 933 2425 Wagnerus.]*)
1005 2411 1008 2418 Δ
1125 2409 1129 2421 ι
1362 2327 1363 2330 '

335 2446 412 2510 Ibid.
438 2447 486 2524 12,
510 2448 543 2512 6:
577 2446 680 2530 qnod
713 2446 905 2512 trudente
934 2448 1023 2530 ipsa
1046 2444 1306 2510 necessitate

236 2549 420 2634 digresso
452 2555 651 2636 periculis
685 2572 768 2618 cum
798 2554 954 2635 paucis,
985 2552 1085 2619 licet
1106 2550 1303 2626 fortibus

235 2645 447 2739 populosis
476 2661 668 2744 gentibue
697 2677 909 2726 occurrere
933 2658 1164 2742 cogebatur.
1219 2655 1307 2722 Scri·

235 2762 385 2828 bendum:
414 2765 601 2848 digresso
618 2767 784 2850 <socio>
800 2765 946 2852 periculi.
991 2764 1196 2850 significatur,
1220 2763 1306 2846 quod

236 2886 328 2949 supra
350 2870 509 2935 narratum
533 2874 598 2937 crat
620 2875 657 2936 de
679 2873 803 2938 scutarii
827 2873 865 2936 ad
894 2872 999 2936 hostes
1028 2869 1169 2936 transitu.
1210 2869 1308 2934 Error

237 2975 321 3037 ortus
344 2979 392 3039 est
414 2994 449 3039 ex
471 2977 591 3060 syllaba
620 2997 660 3044 so
688 2980 785 3044 semel
815 2977 938 3060 scripta,
969 2996 1037 3042 oum
1065 2976 1227 3041 bisscribi
1252 2975 1306 3040 de-

236 3080 329 3144 beret.
1115 3093 1119 3107 ‘

337 3187 416 3253 Ibid.
447 3191 465 3272 ξ
495 3191 551 3255 69:
596 3191 803 3257 laureatae
847 3190 1014 3257 litteras
1050 3188 1096 3254 ad
1139 3187 1308 3270 provin-

238 3292 388 3359 ciarum
411 3296 552 3363 damna
572 3298 779 3376 mittebat,
803 3316 842 3362 se
865 3297 972 3361 iuter
993 3294 1192 3378 primores
1215 3311 1306 3358 ver·

236 3405 365 3468 satum
399 3422 482 3469 cum
516 3407 655 3471 odiosa
688 3405 749 3470 sui
782 3401 1009 3469 iactatione
1043 3396 1305 3484 significans.

238 3506 379 3573 Ridicule
400 3511 513 3577 littera
534 3511 637 3578 missae
660 3513 801 3577 dicuntur
822 3508 861 3575 ad
891 3508 1032 3574 damna
1060 3505 1305 3588 provinciarum

236 3613 328 3698 longe
355 3617 436 3682 cuim
464 3618 550 3684 alind
583 3621 631 3684 ost
660 3619 771 3684 missas
789 3633 867 3683 'esse
897 3634 983 3679 cum
1010 3614 1151 3678 damno
1179 3611 1308 3695 provin-

239 3720 364 3801 ciarum,
387 3723 412 3787 ei
443 3726 512 3807 quis
539 3727 616 3791 forto
645 3724 761 3809 cogn'tat
789 3723 826 3789 de
853 3720 991 3805 pecuniis
1022 3721 1156 3784 erbemo
1185 3716 1310 3802 imperii

290 3970 318 4037 ’1)
335 3966 405 4025 Ibid.
425 3969 450 4036 8,
470 3971 503 4025 18
521 3975 585 4039 post
603 3966 729 4023 lacunam
747 3965 933 4022 scribendum:
953 3960 1025 4028 <al
1045 3963 1196 4034 p>uorum
1216 3973 1307 4014 asmu-

338 4065 500 4119 lationem
518 4060 706 4130 posteritas
723 4059 869 4115 tendens
888 4063 939 4112 cet.
