<?xml version="1.0" encoding="UTF-8"?>
<!DOCTYPE html PUBLIC "-//W3C//DTD XHTML 1.0 Transitional//EN"
    "http://www.w3.org/TR/xhtml1/DTD/xhtml1-transitional.dtd">
<html xmlns="http://www.w3.org/1999/xhtml" xml:lang="en" lang="en">
 <head>
  <title>
</title>
<meta http-equiv="Content-Type" content="text/html;charset=utf-8" />
  <meta name='ocr-system' content='tesseract 3.04.00' />
  <meta name='ocr-capabilities' content='ocr_page ocr_carea ocr_par ocr_line ocrx_word'/>
</head>
<body>
  <div class='ocr_page' id='page_1' title='image "./adversariacriti01madvgoog_0115.png"; bbox 0 0 2712 4576; ppageno 0'>
   <div class='ocr_carea' id='block_1_1' title="bbox 269 262 882 332">
    <p class='ocr_par' dir='ltr' id='par_1_1' title="bbox 269 262 882 332">
     <span class='ocr_line' id='line_1_1' title="bbox 269 262 882 332; baseline -0.003 -15"><span class='ocrx_word' id='word_1_1' title='bbox 269 266 329 328; x_wconf 84' lang='lat'><strong>104</strong></span> <span class='ocrx_word' id='word_1_2' title='bbox 641 264 701 318; x_wconf 80' lang='lat' dir='ltr'><strong>nio.</strong></span> <span class='ocrx_word' id='word_1_3' title='bbox 720 264 755 319; x_wconf 89' lang='lat' dir='ltr'><strong>n.</strong></span> <span class='ocrx_word' id='word_1_4' title='bbox 776 262 840 332; x_wconf 76' lang='lat' dir='ltr'><strong>usp.</strong></span> <span class='ocrx_word' id='word_1_5' title='bbox 859 262 882 316; x_wconf 90' lang='lat'><strong>1.</strong></span> 
     </span>
    </p>
   </div>
   <div class='ocr_carea' id='block_1_2' title="bbox 182 457 1320 2357">
    <p class='ocr_par' dir='ltr' id='par_1_2' title="bbox 182 457 1320 1290">
     <span class='ocr_line' id='line_1_2' title="bbox 224 457 1320 547; baseline -0.007 -20"><span class='ocrx_word' id='word_1_6' title='bbox 224 462 327 528; x_wconf 87' lang='lat' dir='ltr'><strong>teris</strong></span> <span class='ocrx_word' id='word_1_7' title='bbox 349 462 502 529; x_wconf 80' lang='lat' dir='ltr'><strong>Grauis</strong></span> <span class='ocrx_word' id='word_1_8' title='bbox 524 481 592 529; x_wconf 92' lang='lat' dir='ltr'><strong>oum</strong></span> <span class='ocrx_word' id='word_1_9' title='bbox 614 461 754 544; x_wconf 87' lang='lat' dir='ltr'><strong>exempla</strong></span> <span class='ocrx_word' id='word_1_10' title='bbox 773 460 933 547; x_wconf 87' lang='lat' dir='ltr'><strong>declarant</strong></span> <span class='ocrx_word' id='word_1_11' title='bbox 957 460 1006 539; x_wconf 80' lang='lat' dir='ltr'><strong>(ut</strong></span> <span class='ocrx_word' id='word_1_12' title='bbox 1028 461 1049 546; x_wconf 66' lang='grc' dir='ltr'>ξ</span> <span class='ocrx_word' id='word_1_13' title='bbox 1071 458 1130 522; x_wconf 88' lang='grc'><strong>169</strong></span> <span class='ocrx_word' id='word_1_14' title='bbox 1153 459 1187 523; x_wconf 92' lang='lat' dir='ltr'><strong>et</strong></span> <span class='ocrx_word' id='word_1_15' title='bbox 1212 457 1320 533; x_wconf 72' lang='lat'>175),</span> 
     </span>
     <span class='ocr_line' id='line_1_3' title="bbox 225 561 1319 653; baseline -0.006 -20"><span class='ocrx_word' id='word_1_16' title='bbox 225 572 293 634; x_wconf 88' lang='lat' dir='ltr'><strong>tum</strong></span> <span class='ocrx_word' id='word_1_17' title='bbox 315 570 412 648; x_wconf 86' lang='lat' dir='ltr'><strong>ratio;</strong></span> <span class='ocrx_word' id='word_1_18' title='bbox 440 587 536 653; x_wconf 90' lang='lat' dir='ltr'><strong>neque</strong></span> <span class='ocrx_word' id='word_1_19' title='bbox 567 569 647 634; x_wconf 93' lang='lat' dir='ltr'><strong>enim</strong></span> <span class='ocrx_word' id='word_1_20' title='bbox 670 587 817 649; x_wconf 89' lang='lat' dir='ltr'><strong>umquam</strong></span> <span class='ocrx_word' id='word_1_21' title='bbox 847 567 983 633; x_wconf 81' lang='lat' dir='ltr'><strong>Graeca</strong></span> <span class='ocrx_word' id='word_1_22' title='bbox 1004 565 1048 630; x_wconf 89' lang='lat' dir='ltr'><strong>sic</strong></span> <span class='ocrx_word' id='word_1_23' title='bbox 1077 563 1222 630; x_wconf 86' lang='lat' dir='ltr'><strong>absolute</strong></span> <span class='ocrx_word' id='word_1_24' title='bbox 1256 561 1319 626; x_wconf 86' lang='lat' dir='ltr'><strong>di-</strong></span> 
     </span>
     <span class='ocr_line' id='line_1_4' title="bbox 182 667 1313 746; baseline -0.008 -4"><span class='ocrx_word' id='word_1_25' title='bbox 182 667 188 676; x_wconf 76' lang='grc'><strong>’</strong></span> <span class='ocrx_word' id='word_1_26' title='bbox 226 678 346 744; x_wconf 86' lang='lat' dir='ltr'><strong>cuntur.</strong></span> <span class='ocrx_word' id='word_1_27' title='bbox 397 675 458 742; x_wconf 85' lang='lat' dir='ltr'><strong>Sed</strong></span> <span class='ocrx_word' id='word_1_28' title='bbox 486 675 611 741; x_wconf 90' lang='lat' dir='ltr'><strong>etiamsi</strong></span> <span class='ocrx_word' id='word_1_29' title='bbox 639 674 802 739; x_wconf 90' lang='lat' dir='ltr'><strong>litteris</strong></span> <span class='ocrx_word' id='word_1_30' title='bbox 832 671 996 746; x_wconf 82' lang='lat' dir='ltr'><strong>addideris,</strong></span> <span class='ocrx_word' id='word_1_31' title='bbox 1028 672 1167 736; x_wconf 75' lang='lat' dir='ltr'>remanet</span> <span class='ocrx_word' id='word_1_32' title='bbox 1190 669 1313 735; x_wconf 89' lang='lat' dir='ltr'><strong>tamen</strong></span> 
     </span>
     <span class='ocr_line' id='line_1_5' title="bbox 226 775 1316 862; baseline -0.006 -15"><span class='ocrx_word' id='word_1_33' title='bbox 226 783 333 848; x_wconf 87' lang='lat' dir='ltr'><strong>vitium</strong></span> <span class='ocrx_word' id='word_1_34' title='bbox 357 781 505 849; x_wconf 85' lang='lat' dir='ltr'><strong>orationis</strong></span> <span class='ocrx_word' id='word_1_35' title='bbox 527 781 560 846; x_wconf 93' lang='lat' dir='ltr'><strong>in</strong></span> <span class='ocrx_word' id='word_1_36' title='bbox 583 781 721 852; x_wconf 84' lang='lat' dir='ltr'><strong>etiam,</strong></span> <span class='ocrx_word' id='word_1_37' title='bbox 744 780 835 862; x_wconf 91' lang='lat' dir='ltr'><strong>quod,</strong></span> <span class='ocrx_word' id='word_1_38' title='bbox 858 796 917 862; x_wconf 89' lang='lat' dir='ltr'><strong>qno</strong></span> <span class='ocrx_word' id='word_1_39' title='bbox 932 778 1090 855; x_wconf 79' lang='lat' dir='ltr'><strong>referatur,</strong></span> <span class='ocrx_word' id='word_1_40' title='bbox 1112 795 1173 841; x_wconf 95' lang='lat' dir='ltr'><strong>non</strong></span> <span class='ocrx_word' id='word_1_41' title='bbox 1189 775 1316 842; x_wconf 68' lang='lat' dir='ltr'><strong>habet,</strong></span> 
     </span>
     <span class='ocr_line' id='line_1_6' title="bbox 225 882 1314 970; baseline -0.006 -17"><span class='ocrx_word' id='word_1_42' title='bbox 225 889 367 955; x_wconf 81' lang='lat' dir='ltr'><strong>Fortasse</strong></span> <span class='ocrx_word' id='word_1_43' title='bbox 383 890 487 956; x_wconf 86' lang='lat' dir='ltr'><strong>Cicero</strong></span> <span class='ocrx_word' id='word_1_44' title='bbox 503 890 683 970; x_wconf 76' lang='lat' dir='ltr'><strong>scripserat:</strong></span> <span class='ocrx_word' id='word_1_45' title='bbox 699 886 851 952; x_wconf 84' lang='lat' dir='ltr'><strong>Doctus</strong></span> <span class='ocrx_word' id='word_1_46' title='bbox 874 882 995 949; x_wconf 88' lang='lat' dir='ltr'><strong>etium</strong></span> <span class='ocrx_word' id='word_1_47' title='bbox 1011 883 1127 966; x_wconf 82' lang='lat' dir='ltr'><strong>&lt;in&gt;</strong></span> <span class='ocrx_word' id='word_1_48' title='bbox 1143 883 1233 949; x_wconf 81' lang='lat' dir='ltr'><strong>urae</strong></span> <span class='ocrx_word' id='word_1_49' title='bbox 1244 885 1314 948; x_wconf 87' lang='lat' dir='ltr'><strong>eis</strong></span> 
     </span>
     <span class='ocr_line' id='line_1_7' title="bbox 225 989 1316 1077; baseline -0.004 -19"><span class='ocrx_word' id='word_1_50' title='bbox 225 995 260 1058; x_wconf 89' lang='grc' dir='ltr'><strong>Τ.</strong></span> <span class='ocrx_word' id='word_1_51' title='bbox 282 996 480 1063; x_wconf 82' lang='lat' dir='ltr'><strong>Albucius</strong></span> <span class='ocrx_word' id='word_1_52' title='bbox 502 997 566 1062; x_wconf 90' lang='lat' dir='ltr'><strong>vel</strong></span> <span class='ocrx_word' id='word_1_53' title='bbox 587 993 723 1077; x_wconf 91' lang='lat' dir='ltr'><strong>potins</strong></span> <span class='ocrx_word' id='word_1_54' title='bbox 745 1011 850 1075; x_wconf 84' lang='lat' dir='ltr'><strong>pane</strong></span> <span class='ocrx_word' id='word_1_55' title='bbox 873 990 1049 1065; x_wconf 78' lang='lat' dir='ltr'><strong>erasus,</strong></span> <span class='ocrx_word' id='word_1_56' title='bbox 1076 991 1112 1054; x_wconf 91' lang='lat' dir='ltr'><strong>ut</strong></span> <span class='ocrx_word' id='word_1_57' title='bbox 1132 989 1316 1069; x_wconf 72' lang='lat' dir='ltr'><strong>Albucius,</strong></span> 
     </span>
     <span class='ocr_line' id='line_1_8' title="bbox 225 1097 1317 1182; baseline -0.005 -14"><span class='ocrx_word' id='word_1_58' title='bbox 225 1103 350 1170; x_wconf 86' lang='lat' dir='ltr'><strong>etiamsi</strong></span> <span class='ocrx_word' id='word_1_59' title='bbox 387 1123 456 1168; x_wconf 91' lang='lat' dir='ltr'><strong>cum</strong></span> <span class='ocrx_word' id='word_1_60' title='bbox 494 1100 609 1167; x_wconf 79' lang='lat' dir='ltr'><strong>Graecis</strong></span> <span class='ocrx_word' id='word_1_61' title='bbox 645 1100 875 1182; x_wconf 85' lang='lat' dir='ltr'><strong>compararetur</strong></span> <span class='ocrx_word' id='word_1_62' title='bbox 910 1117 966 1163; x_wconf 90' lang='lat' dir='ltr'><strong>neo</strong></span> <span class='ocrx_word' id='word_1_63' title='bbox 1001 1097 1143 1164; x_wconf 87' lang='lat' dir='ltr'><strong>Romana</strong></span> <span class='ocrx_word' id='word_1_64' title='bbox 1188 1097 1317 1182; x_wconf 86' lang='lat' dir='ltr'><strong>regula</strong></span> 
     </span>
     <span class='ocr_line' id='line_1_9' title="bbox 225 1205 945 1290; baseline -0.006 -16"><span class='ocrx_word' id='word_1_65' title='bbox 225 1209 441 1289; x_wconf 83' lang='lat' dir='ltr'><strong>aestimaretur,</strong></span> <span class='ocrx_word' id='word_1_66' title='bbox 465 1208 574 1274; x_wconf 86' lang='lat' dir='ltr'><strong>doctus</strong></span> <span class='ocrx_word' id='word_1_67' title='bbox 596 1207 690 1274; x_wconf 87' lang='lat' dir='ltr'><strong>luisse</strong></span> <span class='ocrx_word' id='word_1_68' title='bbox 713 1205 945 1290; x_wconf 83' lang='lat' dir='ltr'><strong>significaretur.</strong></span> 
     </span>
    </p>

    <p class='ocr_par' dir='ltr' id='par_1_3' title="bbox 224 1309 1314 2248">
     <span class='ocr_line' id='line_1_10' title="bbox 285 1309 1312 1395; baseline -0.01 -12"><span class='ocrx_word' id='word_1_69' title='bbox 285 1377 288 1383; x_wconf 89' lang='lat'>.</span> <span class='ocrx_word' id='word_1_70' title='bbox 325 1314 404 1382; x_wconf 88' lang='lat' dir='ltr'><strong>Ibid.</strong></span> <span class='ocrx_word' id='word_1_71' title='bbox 422 1315 501 1380; x_wconf 77' lang='lat'>150:</span> <span class='ocrx_word' id='word_1_72' title='bbox 525 1318 746 1395; x_wconf 87' lang='lat' dir='ltr'><strong>aetatesque</strong></span> <span class='ocrx_word' id='word_1_73' title='bbox 768 1313 914 1378; x_wconf 87' lang='lat' dir='ltr'><strong>vostrae</strong></span> <span class='ocrx_word' id='word_1_74' title='bbox 935 1311 978 1376; x_wconf 89' lang='lat' dir='ltr'><strong>ut</strong></span> <span class='ocrx_word' id='word_1_75' title='bbox 1005 1310 1170 1376; x_wconf 90' lang='lat' dir='ltr'><strong>illorum</strong></span> <span class='ocrx_word' id='word_1_76' title='bbox 1188 1309 1312 1376; x_wconf 90' lang='lat' dir='ltr'><strong>nihil</strong></span> 
     </span>
     <span class='ocr_line' id='line_1_11' title="bbox 225 1417 1314 1500; baseline -0.005 -13"><span class='ocrx_word' id='word_1_77' title='bbox 225 1422 294 1488; x_wconf 90' lang='lat' dir='ltr'><strong>aut</strong></span> <span class='ocrx_word' id='word_1_78' title='bbox 321 1421 507 1487; x_wconf 59' lang='lat' dir='ltr'><strong>nonzfere</strong></span> <span class='ocrx_word' id='word_1_79' title='bbox 534 1420 702 1486; x_wconf 91' lang='lat' dir='ltr'><strong>multum</strong></span> <span class='ocrx_word' id='word_1_80' title='bbox 730 1418 942 1484; x_wconf 83' lang='lat' dir='ltr'><strong>differunt.</strong></span> <span class='ocrx_word' id='word_1_81' title='bbox 994 1417 1123 1482; x_wconf 86' lang='lat' dir='ltr'><strong>Prorsus</strong></span> <span class='ocrx_word' id='word_1_82' title='bbox 1151 1436 1314 1500; x_wconf 84' lang='lat' dir='ltr'><strong>perverse</strong></span> 
     </span>
     <span class='ocr_line' id='line_1_12' title="bbox 224 1523 1311 1608; baseline -0.004 -16"><span class='ocrx_word' id='word_1_83' title='bbox 224 1526 306 1592; x_wconf 89' lang='lat' dir='ltr'><strong>iuter</strong></span> <span class='ocrx_word' id='word_1_84' title='bbox 346 1545 420 1593; x_wconf 91' lang='lat' dir='ltr'><strong>uon</strong></span> <span class='ocrx_word' id='word_1_85' title='bbox 459 1532 491 1594; x_wconf 89' lang='lat' dir='ltr'><strong>ct</strong></span> <span class='ocrx_word' id='word_1_86' title='bbox 528 1526 695 1593; x_wconf 88' lang='lat' dir='ltr'><strong>multum</strong></span> <span class='ocrx_word' id='word_1_87' title='bbox 729 1523 932 1608; x_wconf 72' lang='lat' dir='ltr'><strong>interponitur</strong></span> <span class='ocrx_word' id='word_1_88' title='bbox 964 1524 1049 1588; x_wconf 86' lang='lat' dir='ltr'><strong>fore</strong></span> <span class='ocrx_word' id='word_1_89' title='bbox 1071 1523 1174 1606; x_wconf 74' lang='lat' dir='ltr'><strong>(longe</strong></span> <span class='ocrx_word' id='word_1_90' title='bbox 1214 1524 1311 1588; x_wconf 91' lang='lat' dir='ltr'><strong>enim</strong></span> 
     </span>
     <span class='ocr_line' id='line_1_13' title="bbox 225 1629 1314 1716; baseline -0.007 -14"><span class='ocrx_word' id='word_1_91' title='bbox 225 1631 316 1702; x_wconf 79' lang='lat' dir='ltr'><strong>aliter</strong></span> <span class='ocrx_word' id='word_1_92' title='bbox 348 1652 403 1716; x_wconf 90' lang='lat' dir='ltr'><strong>per</strong></span> <span class='ocrx_word' id='word_1_93' title='bbox 437 1652 470 1698; x_wconf 94' lang='lat' dir='ltr'><strong>se</strong></span> <span class='ocrx_word' id='word_1_94' title='bbox 499 1633 612 1699; x_wconf 91' lang='lat' dir='ltr'><strong>dicitur</strong></span> <span class='ocrx_word' id='word_1_95' title='bbox 640 1651 712 1698; x_wconf 90' lang='lat' dir='ltr'><strong>nou</strong></span> <span class='ocrx_word' id='word_1_96' title='bbox 734 1631 879 1708; x_wconf 86' lang='lat' dir='ltr'><strong>ferme).</strong></span> <span class='ocrx_word' id='word_1_97' title='bbox 923 1629 1011 1710; x_wconf 81' lang='lat' dir='ltr'><strong>Quod</strong></span> <span class='ocrx_word' id='word_1_98' title='bbox 1034 1631 1066 1694; x_wconf 88' lang='lat' dir='ltr'><strong>et</strong></span> <span class='ocrx_word' id='word_1_99' title='bbox 1086 1631 1247 1696; x_wconf 87' lang='lat' dir='ltr'><strong>sententia</strong></span> <span class='ocrx_word' id='word_1_100' title='bbox 1273 1632 1314 1694; x_wconf 87' lang='lat' dir='ltr'><strong>et</strong></span> 
     </span>
     <span class='ocr_line' id='line_1_14' title="bbox 224 1735 1310 1822; baseline -0.003 -19"><span class='ocrx_word' id='word_1_101' title='bbox 224 1738 370 1822; x_wconf 88' lang='lat' dir='ltr'><strong>loquendi</strong></span> <span class='ocrx_word' id='word_1_102' title='bbox 392 1758 467 1808; x_wconf 87' lang='lat' dir='ltr'><strong>usus</strong></span> <span class='ocrx_word' id='word_1_103' title='bbox 489 1741 626 1822; x_wconf 86' lang='lat' dir='ltr'><strong>requirit,</strong></span> <span class='ocrx_word' id='word_1_104' title='bbox 659 1738 791 1805; x_wconf 86' lang='lat' dir='ltr'><strong>efficitur</strong></span> <span class='ocrx_word' id='word_1_105' title='bbox 811 1736 1151 1819; x_wconf 87' lang='lat' dir='ltr'><strong>leni-transpositione:</strong></span> <span class='ocrx_word' id='word_1_106' title='bbox 1189 1735 1310 1800; x_wconf 88' lang='lat' dir='ltr'><strong>nihil</strong></span> 
     </span>
     <span class='ocr_line' id='line_1_15' title="bbox 225 1841 1306 1924; baseline 0.002 -18"><span class='ocrx_word' id='word_1_107' title='bbox 225 1841 309 1907; x_wconf 89' lang='lat' dir='ltr'><strong>fere</strong></span> <span class='ocrx_word' id='word_1_108' title='bbox 341 1845 410 1908; x_wconf 91' lang='lat' dir='ltr'><strong>aut</strong></span> <span class='ocrx_word' id='word_1_109' title='bbox 442 1864 517 1910; x_wconf 91' lang='lat' dir='ltr'><strong>non</strong></span> <span class='ocrx_word' id='word_1_110' title='bbox 550 1847 729 1911; x_wconf 90' lang='lat' dir='ltr'><strong>multum.</strong></span> <span class='ocrx_word' id='word_1_111' title='bbox 783 1842 923 1908; x_wconf 86' lang='lat' dir='ltr'><strong>Similem</strong></span> <span class='ocrx_word' id='word_1_112' title='bbox 952 1841 1226 1924; x_wconf 82' lang='lat' dir='ltr'><strong>transpositionem</strong></span> <span class='ocrx_word' id='word_1_113' title='bbox 1269 1845 1306 1908; x_wconf 92' lang='lat' dir='ltr'><strong>in</strong></span> 
     </span>
     <span class='ocr_line' id='line_1_16' title="bbox 227 1947 1312 2028; baseline 0.006 -20"><span class='ocrx_word' id='word_1_114' title='bbox 227 1949 247 2028; x_wconf 67' lang='grc' dir='ltr'><strong>ς</strong></span> <span class='ocrx_word' id='word_1_115' title='bbox 272 1947 332 2012; x_wconf 81' lang='grc'><strong>187</strong></span> <span class='ocrx_word' id='word_1_116' title='bbox 355 1950 468 2016; x_wconf 85' lang='lat' dir='ltr'><strong>iactam</strong></span> <span class='ocrx_word' id='word_1_117' title='bbox 492 1951 716 2016; x_wconf 86' lang='lat' dir='ltr'><strong>demonstrabo.</strong></span> <span class='ocrx_word' id='word_1_118' title='bbox 765 1949 842 2016; x_wconf 82' lang='lat' dir='ltr'><strong>Cum</strong></span> <span class='ocrx_word' id='word_1_119' title='bbox 861 1949 1003 2023; x_wconf 88' lang='lat' dir='ltr'><strong>librarius</strong></span> <span class='ocrx_word' id='word_1_120' title='bbox 1024 1947 1171 2014; x_wconf 88' lang='lat' dir='ltr'><strong>omissam</strong></span> <span class='ocrx_word' id='word_1_121' title='bbox 1193 1967 1312 2016; x_wconf 88' lang='lat' dir='ltr'><strong>errore</strong></span> 
     </span>
     <span class='ocr_line' id='line_1_17' title="bbox 227 2056 1310 2142; baseline 0.004 -24"><span class='ocrx_word' id='word_1_122' title='bbox 227 2073 331 2126; x_wconf 87' lang='lat' dir='ltr'><strong>vocem</strong></span> <span class='ocrx_word' id='word_1_123' title='bbox 353 2057 386 2122; x_wconf 94' lang='lat' dir='ltr'><strong>in</strong></span> <span class='ocrx_word' id='word_1_124' title='bbox 408 2059 547 2142; x_wconf 82' lang='lat' dir='ltr'><strong>margine</strong></span> <span class='ocrx_word' id='word_1_125' title='bbox 577 2065 632 2123; x_wconf 90' lang='lat' dir='ltr'><strong>aut</strong></span> <span class='ocrx_word' id='word_1_126' title='bbox 659 2056 740 2124; x_wconf 85' lang='lat' dir='ltr'><strong>iut&#39;er</strong></span> <span class='ocrx_word' id='word_1_127' title='bbox 767 2075 872 2122; x_wconf 88' lang='lat' dir='ltr'><strong>versus</strong></span> <span class='ocrx_word' id='word_1_128' title='bbox 899 2056 1079 2132; x_wconf 80' lang='lat' dir='ltr'><strong>addidisset,</strong></span> <span class='ocrx_word' id='word_1_129' title='bbox 1108 2073 1205 2137; x_wconf 81' lang='lat' dir='ltr'><strong>prauo</strong></span> <span class='ocrx_word' id='word_1_130' title='bbox 1227 2056 1310 2122; x_wconf 87' lang='lat' dir='ltr'><strong>loco</strong></span> 
     </span>
     <span class='ocr_line' id='line_1_18' title="bbox 224 2159 757 2248; baseline 0.004 -23"><span class='ocrx_word' id='word_1_131' title='bbox 224 2159 340 2227; x_wconf 90' lang='lat' dir='ltr'><strong>inserta</strong></span> <span class='ocrx_word' id='word_1_132' title='bbox 361 2165 418 2230; x_wconf 87' lang='lat' dir='ltr'><strong>cst.</strong></span> <span class='ocrx_word' id='word_1_133' title='bbox 430 2160 461 2248; x_wconf 83' lang='grc'><strong>*)</strong></span> <span class='ocrx_word' id='word_1_134' title='bbox 756 2230 757 2236; x_wconf 16' lang='lat'>1</span> 
     </span>
    </p>

    <p class='ocr_par' dir='ltr' id='par_1_4' title="bbox 324 2269 1311 2357">
     <span class='ocr_line' id='line_1_19' title="bbox 324 2269 1311 2357; baseline 0.001 -23"><span class='ocrx_word' id='word_1_135' title='bbox 324 2269 1311 2357; x_wconf 32' lang='lat' dir='ltr'><strong>Ibidltssrequalitasvest1·a.,‚,·tantumabest-</strong></span> 
     </span>
    </p>
   </div>
   <div class='ocr_carea' id='block_1_3' title="bbox 147 2357 1310 3096">
    <p class='ocr_par' dir='ltr' id='par_1_5' title="bbox 147 2357 1310 3096">
     <span class='ocr_line' id='line_1_20' title="bbox 226 2357 1310 2457; baseline 0.001 -17"><span class='ocrx_word' id='word_1_136' title='bbox 226 2375 271 2440; x_wconf 89' lang='lat' dir='ltr'><strong>ab</strong></span> <span class='ocrx_word' id='word_1_137' title='bbox 293 2376 596 2443; x_wconf 80' lang='lat' dir='ltr'><strong>obtrectatione</strong></span> <span class='ocrx_word' id='word_1_138' title='bbox 620 2379 658 2442; x_wconf 90' lang='lat' dir='ltr'><strong>ot</strong></span> <span class='ocrx_word' id='word_1_139' title='bbox 681 2375 854 2446; x_wconf 87' lang='lat' dir='ltr'><strong>invidia.</strong></span> <span class='ocrx_word' id='word_1_140' title='bbox 878 2357 1310 2457; x_wconf 74' lang='lat' dir='ltr'><strong>quacs&#39;oletlacerare</strong></span> 
     </span>
     <span class='ocr_line' id='line_1_21' title="bbox 147 2479 1304 2566; baseline 0.003 -23"><span class='ocrx_word' id='word_1_141' title='bbox 147 2484 149 2488; x_wconf 86' lang='grc'><strong>’</strong></span> <span class='ocrx_word' id='word_1_142' title='bbox 224 2479 457 2564; x_wconf 80' lang='lat' dir='ltr'><strong>plerosque,</strong></span> <span class='ocrx_word' id='word_1_143' title='bbox 490 2484 551 2550; x_wconf 92' lang='lat' dir='ltr'><strong>uti</strong></span> <span class='ocrx_word' id='word_1_144' title='bbox 582 2486 638 2548; x_wconf 87' lang='lat' dir='ltr'><strong>cet.</strong></span> <span class='ocrx_word' id='word_1_145' title='bbox 682 2480 903 2548; x_wconf 89' lang='lat' dir='ltr'><strong>Laceraudi</strong></span> <span class='ocrx_word' id='word_1_146' title='bbox 937 2481 1223 2566; x_wconf 16' lang='lat' dir='ltr'><strong>verbumlpponitur</strong></span> <span class='ocrx_word' id='word_1_147' title='bbox 1260 2482 1304 2548; x_wconf 88' lang='lat' dir='ltr'><strong>de</strong></span> 
     </span>
     <span class='ocr_line' id='line_1_22' title="bbox 224 2586 1308 2675; baseline -0.001 -19"><span class='ocrx_word' id='word_1_148' title='bbox 224 2586 351 2656; x_wconf 84' lang='lat' dir='ltr'><strong>inuidiae</strong></span> <span class='ocrx_word' id='word_1_149' title='bbox 373 2587 403 2650; x_wconf 88' lang='lat' dir='ltr'><strong>vi</strong></span> <span class='ocrx_word' id='word_1_150' title='bbox 425 2591 458 2675; x_wconf 89' lang='lat' dir='ltr'><strong>et</strong></span> <span class='ocrx_word' id='word_1_151' title='bbox 478 2589 599 2672; x_wconf 86' lang='lat' dir='ltr'><strong>impetu</strong></span> <span class='ocrx_word' id='word_1_152' title='bbox 620 2587 651 2654; x_wconf 92' lang='lat' dir='ltr'><strong>in</strong></span> <span class='ocrx_word' id='word_1_153' title='bbox 675 2606 738 2674; x_wconf 80' lang='lat' dir='ltr'><strong>eos,</strong></span> <span class='ocrx_word' id='word_1_154' title='bbox 762 2588 871 2674; x_wconf 88' lang='lat' dir='ltr'><strong>quibus</strong></span> <span class='ocrx_word' id='word_1_155' title='bbox 893 2587 1055 2663; x_wconf 85' lang='lat' dir='ltr'><strong>invidetur,</strong></span> <span class='ocrx_word' id='word_1_156' title='bbox 1071 2589 1308 2670; x_wconf 77' lang='lat' dir='ltr'><strong>expromendo;</strong></span> 
     </span>
     <span class='ocr_line' id='line_1_23' title="bbox 225 2693 1303 2778; baseline 0.001 -19"><span class='ocrx_word' id='word_1_157' title='bbox 225 2694 264 2760; x_wconf 92' lang='lat' dir='ltr'><strong>de</strong></span> <span class='ocrx_word' id='word_1_158' title='bbox 287 2693 435 2776; x_wconf 78' lang='lat' dir='ltr'><strong>ipsorum.</strong></span> <span class='ocrx_word' id='word_1_159' title='bbox 458 2694 510 2777; x_wconf 88' lang='lat' dir='ltr'><strong>qui</strong></span> <span class='ocrx_word' id='word_1_160' title='bbox 533 2693 681 2772; x_wconf 75' lang='lat' dir='ltr'><strong>inrident,</strong></span> <span class='ocrx_word' id='word_1_161' title='bbox 711 2694 806 2759; x_wconf 87' lang='lat' dir='ltr'><strong>animi</strong></span> <span class='ocrx_word' id='word_1_162' title='bbox 835 2693 946 2760; x_wconf 88' lang='lat' dir='ltr'><strong>affectu</strong></span> <span class='ocrx_word' id='word_1_163' title='bbox 975 2694 1105 2760; x_wconf 86' lang='lat' dir='ltr'><strong>molesto</strong></span> <span class='ocrx_word' id='word_1_164' title='bbox 1126 2695 1159 2758; x_wconf 91' lang='lat' dir='ltr'><strong>et</strong></span> <span class='ocrx_word' id='word_1_165' title='bbox 1179 2713 1303 2778; x_wconf 85' lang='lat' dir='ltr'><strong>angore</strong></span> 
     </span>
     <span class='ocr_line' id='line_1_24' title="bbox 225 2799 1304 2884; baseline 0.003 -20"><span class='ocrx_word' id='word_1_166' title='bbox 225 2818 426 2866; x_wconf 89' lang='lat' dir='ltr'><strong>macerare</strong></span> <span class='ocrx_word' id='word_1_167' title='bbox 450 2799 563 2865; x_wconf 86' lang='lat' dir='ltr'><strong>dieitur</strong></span> <span class='ocrx_word' id='word_1_168' title='bbox 592 2803 627 2864; x_wconf 90' lang='lat' dir='ltr'><strong>ut</strong></span> <span class='ocrx_word' id='word_1_169' title='bbox 655 2802 692 2865; x_wconf 91' lang='lat' dir='ltr'><strong>dc</strong></span> <span class='ocrx_word' id='word_1_170' title='bbox 722 2800 875 2878; x_wconf 84' lang='lat' dir='ltr'><strong>similibus</strong></span> <span class='ocrx_word' id='word_1_171' title='bbox 904 2802 1039 2877; x_wconf 82' lang='lat' dir='ltr'><strong>astibus,</strong></span> <span class='ocrx_word' id='word_1_172' title='bbox 1064 2801 1175 2884; x_wconf 88' lang='lat' dir='ltr'><strong>quibus</strong></span> <span class='ocrx_word' id='word_1_173' title='bbox 1198 2802 1304 2867; x_wconf 81' lang='lat' dir='ltr'><strong>animi</strong></span> 
     </span>
     <span class='ocr_line' id='line_1_25' title="bbox 226 2904 1301 2998; baseline 0.003 -27"><span class='ocrx_word' id='word_1_174' title='bbox 226 2904 398 2998; x_wconf 88' lang='lat' dir='ltr'><strong>coquuntur</strong></span> <span class='ocrx_word' id='word_1_175' title='bbox 420 2905 451 2971; x_wconf 87' lang='lat' dir='ltr'><strong>et</strong></span> <span class='ocrx_word' id='word_1_176' title='bbox 473 2909 662 2996; x_wconf 86' lang='lat' dir='ltr'><strong>torquentur,</strong></span> <span class='ocrx_word' id='word_1_177' title='bbox 692 2907 785 2990; x_wconf 87' lang='lat' dir='ltr'><strong>idque</strong></span> <span class='ocrx_word' id='word_1_178' title='bbox 808 2907 935 2973; x_wconf 85' lang='lat' dir='ltr'><strong>verbum</strong></span> <span class='ocrx_word' id='word_1_179' title='bbox 957 2907 1008 2974; x_wconf 90' lang='lat' dir='ltr'><strong>hie</strong></span> <span class='ocrx_word' id='word_1_180' title='bbox 1030 2929 1048 2973; x_wconf 91' lang='lat' dir='ltr'><strong>a</strong></span> <span class='ocrx_word' id='word_1_181' title='bbox 1071 2907 1217 2974; x_wconf 84' lang='lat' dir='ltr'><strong>Cicerone</strong></span> <span class='ocrx_word' id='word_1_182' title='bbox 1238 2927 1301 2990; x_wconf 91' lang='lat' dir='ltr'><strong>po-</strong></span> 
     </span>
     <span class='ocr_line' id='line_1_26' title="bbox 222 3011 453 3096; baseline 0.009 -18"><span class='ocrx_word' id='word_1_183' title='bbox 222 3012 317 3078; x_wconf 88' lang='lat' dir='ltr'><strong>situm</strong></span> <span class='ocrx_word' id='word_1_184' title='bbox 339 3011 453 3096; x_wconf 87' lang='lat' dir='ltr'><strong>opinor.</strong></span> 
     </span>
    </p>
   </div>
   <div class='ocr_carea' id='block_1_4' title="bbox 273 3254 1305 3982">
    <p class='ocr_par' dir='ltr' id='par_1_6' title="bbox 273 3254 1305 3982">
     <span class='ocr_line' id='line_1_27' title="bbox 273 3254 1305 3331; baseline 0.004 -22"><span class='ocrx_word' id='word_1_185' title='bbox 273 3254 299 3324; x_wconf 88' lang='lat'><strong>*)</strong></span> <span class='ocrx_word' id='word_1_186' title='bbox 317 3255 351 3309; x_wconf 91' lang='lat' dir='ltr'><strong>In</strong></span> <span class='ocrx_word' id='word_1_187' title='bbox 368 3256 493 3325; x_wconf 82' lang='lat' dir='ltr'><strong>proxima</strong></span> <span class='ocrx_word' id='word_1_188' title='bbox 511 3259 684 3327; x_wconf 76' lang='lat' dir='ltr'><strong>paragrapho</strong></span> <span class='ocrx_word' id='word_1_189' title='bbox 695 3257 768 3326; x_wconf 82' lang='lat'>(151)</span> <span class='ocrx_word' id='word_1_190' title='bbox 787 3256 947 3314; x_wconf 78' lang='lat' dir='ltr'><strong>adverbium</strong></span> <span class='ocrx_word' id='word_1_191' title='bbox 966 3278 1042 3331; x_wconf 83' lang='lat' dir='ltr'><strong>urna,</strong></span> <span class='ocrx_word' id='word_1_192' title='bbox 1061 3266 1092 3314; x_wconf 92' lang='lat' dir='ltr'><strong>ut</strong></span> <span class='ocrx_word' id='word_1_193' title='bbox 1109 3266 1305 3316; x_wconf 80' lang='lat' dir='ltr'><strong>nunc&#39;cetera.</strong></span> 
     </span>
     <span class='ocr_line' id='line_1_28' title="bbox 321 3347 1300 3423; baseline 0.005 -20"><span class='ocrx_word' id='word_1_194' title='bbox 321 3347 484 3419; x_wconf 86' lang='lat' dir='ltr'><strong>scribuntur,</strong></span> <span class='ocrx_word' id='word_1_195' title='bbox 511 3367 595 3419; x_wconf 86' lang='lat' dir='ltr'><strong>prave</strong></span> <span class='ocrx_word' id='word_1_196' title='bbox 622 3353 733 3419; x_wconf 85' lang='lat' dir='ltr'><strong>ponitur</strong></span> <span class='ocrx_word' id='word_1_197' title='bbox 760 3351 861 3408; x_wconf 91' lang='lat' dir='ltr'><strong>omisso</strong></span> <span class='ocrx_word' id='word_1_198' title='bbox 884 3369 1009 3409; x_wconf 89' lang='lat' dir='ltr'><strong>mecum</strong></span> <span class='ocrx_word' id='word_1_199' title='bbox 1026 3369 1077 3409; x_wconf 91' lang='lat' dir='ltr'><strong>nee</strong></span> <span class='ocrx_word' id='word_1_200' title='bbox 1096 3354 1208 3408; x_wconf 90' lang='lat' dir='ltr'><strong>omnino</strong></span> <span class='ocrx_word' id='word_1_201' title='bbox 1229 3359 1300 3423; x_wconf 86' lang='lat' dir='ltr'><strong>apte</strong></span> 
     </span>
     <span class='ocr_line' id='line_1_29' title="bbox 322 3435 1303 3517; baseline 0.002 -21"><span class='ocrx_word' id='word_1_202' title='bbox 322 3440 433 3498; x_wconf 88' lang='lat' dir='ltr'><strong>additur</strong></span> <span class='ocrx_word' id='word_1_203' title='bbox 451 3445 479 3497; x_wconf 92' lang='lat' dir='ltr'><strong>in</strong></span> <span class='ocrx_word' id='word_1_204' title='bbox 499 3460 532 3498; x_wconf 83' lang='lat' dir='ltr'><strong>ea</strong></span> <span class='ocrx_word' id='word_1_205' title='bbox 549 3444 722 3513; x_wconf 83' lang='lat' dir='ltr'><strong>renotanda,</strong></span> <span class='ocrx_word' id='word_1_206' title='bbox 737 3435 798 3513; x_wconf 72' lang='lat' dir='ltr'><strong>duee</strong></span> <span class='ocrx_word' id='word_1_207' title='bbox 810 3447 921 3515; x_wconf 91' lang='lat' dir='ltr'><strong>proprie</strong></span> <span class='ocrx_word' id='word_1_208' title='bbox 935 3446 969 3501; x_wconf 88' lang='lat' dir='ltr'><strong>ad</strong></span> <span class='ocrx_word' id='word_1_209' title='bbox 981 3447 1130 3517; x_wconf 84' lang='lat' dir='ltr'><strong>Sulpicium</strong></span> <span class='ocrx_word' id='word_1_210' title='bbox 1145 3447 1303 3514; x_wconf 72' lang='lat' dir='ltr'><strong>pertineat.</strong></span> 
     </span>
     <span class='ocr_line' id='line_1_30' title="bbox 320 3536 1302 3608; baseline 0.007 -20"><span class='ocrx_word' id='word_1_211' title='bbox 320 3551 375 3589; x_wconf 91' lang='lat' dir='ltr'><strong>non</strong></span> <span class='ocrx_word' id='word_1_212' title='bbox 394 3537 573 3592; x_wconf 90' lang='lat' dir='ltr'><strong>communiter</strong></span> <span class='ocrx_word' id='word_1_213' title='bbox 591 3536 626 3590; x_wconf 88' lang='lat' dir='ltr'><strong>ad</strong></span> <span class='ocrx_word' id='word_1_214' title='bbox 645 3553 706 3592; x_wconf 91' lang='lat' dir='ltr'><strong>eum</strong></span> <span class='ocrx_word' id='word_1_215' title='bbox 725 3545 753 3594; x_wconf 90' lang='lat' dir='ltr'><strong>et</strong></span> <span class='ocrx_word' id='word_1_216' title='bbox 772 3538 938 3595; x_wconf 81' lang='lat' dir='ltr'><strong>Ciceronem.</strong></span> <span class='ocrx_word' id='word_1_217' title='bbox 988 3539 1090 3608; x_wconf 82' lang='lat' dir='ltr'><strong>Opinon</strong></span> <span class='ocrx_word' id='word_1_218' title='bbox 1117 3557 1134 3595; x_wconf 89' lang='lat' dir='ltr'><strong>a</strong></span> <span class='ocrx_word' id='word_1_219' title='bbox 1161 3540 1302 3596; x_wconf 80' lang='lat' dir='ltr'><strong>Cicerone·</strong></span> 
     </span>
     <span class='ocr_line' id='line_1_31' title="bbox 322 3626 1297 3696; baseline 0.008 -16"><span class='ocrx_word' id='word_1_220' title='bbox 322 3626 455 3696; x_wconf 87' lang='lat' dir='ltr'><strong>seriptum</strong></span> <span class='ocrx_word' id='word_1_221' title='bbox 481 3627 578 3684; x_wconf 85' lang='lat' dir='ltr'><strong>fuisse:</strong></span> <span class='ocrx_word' id='word_1_222' title='bbox 617 3647 689 3686; x_wconf 89' lang='lat' dir='ltr'><strong>nam</strong></span> <span class='ocrx_word' id='word_1_223' title='bbox 715 3638 748 3686; x_wconf 91' lang='lat' dir='ltr'><strong>et</strong></span> <span class='ocrx_word' id='word_1_224' title='bbox 774 3633 807 3687; x_wconf 90' lang='lat' dir='ltr'><strong>in</strong></span> <span class='ocrx_word' id='word_1_225' title='bbox 833 3632 953 3688; x_wconf 89' lang='lat' dir='ltr'><strong>iisdem</strong></span> <span class='ocrx_word' id='word_1_226' title='bbox 982 3634 1297 3688; x_wconf 80' lang='lat' dir='ltr'><strong>exercitationibus</strong></span> 
     </span>
     <span class='ocr_line' id='line_1_32' title="bbox 320 3717 1294 3796; baseline 0.008 -23"><span class='ocrx_word' id='word_1_227' title='bbox 320 3717 460 3776; x_wconf 88' lang='lat' dir='ltr'><strong>ineunte</strong></span> <span class='ocrx_word' id='word_1_228' title='bbox 488 3728 586 3778; x_wconf 79' lang='lat' dir='ltr'><strong>astate</strong></span> <span class='ocrx_word' id='word_1_229' title='bbox 613 3722 735 3780; x_wconf 83' lang='lat' dir='ltr'><strong>fuimus</strong></span> <span class='ocrx_word' id='word_1_230' title='bbox 755 3731 788 3780; x_wconf 90' lang='lat' dir='ltr'><strong>et</strong></span> <span class='ocrx_word' id='word_1_231' title='bbox 807 3731 925 3794; x_wconf 90' lang='lat' dir='ltr'><strong>postea</strong></span> <span class='ocrx_word' id='word_1_232' title='bbox 943 3739 1006 3781; x_wconf 85' lang='lat' dir='ltr'><strong>una</strong></span> <span class='ocrx_word' id='word_1_233' title='bbox 1028 3723 1131 3796; x_wconf 83' lang='lat' dir='ltr'><strong>Rhodi3</strong></span> <span class='ocrx_word' id='word_1_234' title='bbox 1155 3739 1222 3781; x_wconf 88' lang='lat' dir='ltr'><strong>narn</strong></span> <span class='ocrx_word' id='word_1_235' title='bbox 1240 3724 1294 3780; x_wconf 89' lang='lat' dir='ltr'><strong>illo</strong></span> 
     </span>
     <span class='ocr_line' id='line_1_33' title="bbox 320 3812 1293 3887; baseline 0.005 -19"><span class='ocrx_word' id='word_1_236' title='bbox 320 3812 421 3868; x_wconf 90' lang='lat' dir='ltr'><strong>etiam</strong></span> <span class='ocrx_word' id='word_1_237' title='bbox 449 3813 625 3882; x_wconf 83' lang='lat' dir='ltr'><strong>proiectus</strong></span> <span class='ocrx_word' id='word_1_238' title='bbox 653 3813 718 3887; x_wconf 59' lang='lat' dir='ltr'><strong>est3</strong></span> <span class='ocrx_word' id='word_1_239' title='bbox 746 3835 809 3887; x_wconf 87' lang='lat' dir='ltr'><strong>quo</strong></span> <span class='ocrx_word' id='word_1_240' title='bbox 836 3819 959 3874; x_wconf 85' lang='lat' dir='ltr'><strong>melior</strong></span> <span class='ocrx_word' id='word_1_241' title='bbox 983 3825 1075 3874; x_wconf 88' lang='lat' dir='ltr'><strong>esset</strong></span> <span class='ocrx_word' id='word_1_242' title='bbox 1097 3825 1130 3875; x_wconf 92' lang='lat' dir='ltr'><strong>et</strong></span> <span class='ocrx_word' id='word_1_243' title='bbox 1148 3819 1293 3876; x_wconf 90' lang='lat' dir='ltr'><strong>doctior.</strong></span> 
     </span>
     <span class='ocr_line' id='line_1_34' title="bbox 320 3906 1293 3982; baseline 0.005 -22"><span class='ocrx_word' id='word_1_244' title='bbox 320 3906 374 3961; x_wconf 86' lang='lat' dir='ltr'><strong>Sed</strong></span> <span class='ocrx_word' id='word_1_245' title='bbox 400 3908 461 3962; x_wconf 82' lang='lat' dir='ltr'><strong>haec</strong></span> <span class='ocrx_word' id='word_1_246' title='bbox 489 3909 609 3978; x_wconf 90' lang='lat' dir='ltr'><strong>suspicio</strong></span> <span class='ocrx_word' id='word_1_247' title='bbox 638 3925 671 3964; x_wconf 83' lang='lat' dir='ltr'><strong>ex</strong></span> <span class='ocrx_word' id='word_1_248' title='bbox 694 3927 787 3968; x_wconf 88' lang='lat' dir='ltr'><strong>earum</strong></span> <span class='ocrx_word' id='word_1_249' title='bbox 809 3929 908 3982; x_wconf 80' lang='lat' dir='ltr'><strong>genere</strong></span> <span class='ocrx_word' id='word_1_250' title='bbox 932 3918 982 3980; x_wconf 87' lang='lat' dir='ltr'><strong>est,</strong></span> <span class='ocrx_word' id='word_1_251' title='bbox 1001 3912 1100 3981; x_wconf 89' lang='lat' dir='ltr'><strong>quibus</strong></span> <span class='ocrx_word' id='word_1_252' title='bbox 1119 3911 1230 3968; x_wconf 88' lang='lat' dir='ltr'><strong>difficile</strong></span> <span class='ocrx_word' id='word_1_253' title='bbox 1249 3919 1293 3967; x_wconf 89' lang='lat' dir='ltr'><strong>est</strong></span> 
     </span>
    </p>
   </div>
   <div class='ocr_carea' id='block_1_5' title="bbox 317 3999 1297 4160">
    <p class='ocr_par' dir='ltr' id='par_1_7' title="bbox 317 3999 1297 4160">
     <span class='ocr_line' id='line_1_35' title="bbox 318 3999 1297 4072; baseline 0.01 -20"><span class='ocrx_word' id='word_1_254' title='bbox 318 3999 404 4054; x_wconf 90' lang='lat' dir='ltr'><strong>nullis</strong></span> <span class='ocrx_word' id='word_1_255' title='bbox 424 4001 547 4057; x_wconf 89' lang='lat' dir='ltr'><strong>codicum</strong></span> <span class='ocrx_word' id='word_1_256' title='bbox 565 4003 690 4072; x_wconf 77' lang='lat' dir='ltr'><strong>vestigiis</strong></span> <span class='ocrx_word' id='word_1_257' title='bbox 709 4005 900 4061; x_wconf 85' lang='lat' dir='ltr'><strong>adiuvantibus</strong></span> <span class='ocrx_word' id='word_1_258' title='bbox 929 4005 1175 4061; x_wconf 88' lang='lat' dir='ltr'><strong>verisimilitudinis</strong></span> <span class='ocrx_word' id='word_1_259' title='bbox 1198 4011 1297 4062; x_wconf 82' lang='lat' dir='ltr'><strong>noum</strong></span> 
     </span>
     <span class='ocr_line' id='line_1_36' title="bbox 317 4103 825 4160; baseline 0.016 -16"><span class='ocrx_word' id='word_1_260' title='bbox 317 4107 480 4160; x_wconf 87' lang='lat' dir='ltr'><strong>rmprrmere.</strong></span> <span class='ocrx_word' id='word_1_261' title='bbox 824 4103 825 4106; x_wconf 75' lang='grc'>’</span> 
     </span>
    </p>
   </div>
   <div class='ocr_carea' id='block_1_6' title="bbox 0 0 1360 4576">
    <p class='ocr_par' dir='ltr' id='par_1_8' title="bbox 0 0 1360 4576">
     <span class='ocr_line' id='line_1_37' title="bbox 0 0 1360 4576; baseline 0 1"><span class='ocrx_word' id='word_1_262' title='bbox 0 0 1360 4576; x_wconf 95' lang='lat' dir='ltr'><strong> </strong></span> 
     </span>
    </p>
   </div>
  </div>
 </body>
</html>
