2740 4572
306 273 367 341 194
550 319 554 326 .
662 269 723 325 Lib.
742 269 778 324 11.
799 267 864 338 Gap.
882 267 933 322 111.

263 469 363 534 bitur:
399 467 498 534 mihi
535 466 683 544 omnia,
720 484 801 550 quae
836 462 1011 531 iucunda
1040 507 1050 526 κ.
1075 509 1082 525 .
1106 507 1144 524 ..
1178 460 1337 526 homini

264 575 449 641 accidere
480 576 665 657 possunt,
699 591 742 636 ex
775 571 851 636 illo
883 567 1132 636 accidebant.
1183 565 1252 644 [Sic
1274 561 1354 641 iam}

265 679 429 746 Lambinus
450 679 483 747 in
506 679 647 763 margine
672 678 776 755 1584]

266 815 268 820 v
362 786 439 851 Ibid.
476 789 495 870 ξ
527 787 562 851 4:
599 783 773 851 Primum
810 783 912 848 euim
951 782 990 847 te
1021 780 1213 863 praesidio
1248 781 1354 854 esset

185 961 187 964 ,
264 889 390 970 volni,
411 892 444 956 si
466 893 532 974 qui
555 890 694 956 essent
714 890 888 968 inimici,
917 906 1082 970 quorum
1103 863 1354 956 erudelitas}

263 998 434 1063 nondum
475 999 588 1062 esset
629 996 769 1061 nostra
811 993 1048 1062 calamitae
1086 993 1244 1058 satiata
1278 993 1336 1057 cet.

263 1103 383 1183 Quaero,
417 1103 468 1169 cui
500 1102 624 1168 Marcus
656 1100 806 1180 Quintum
841 1097 984 1181 presidio
1017 1117 1084 1164 erse
1114 1097 1267 1171 voluerim
1299 1097 1335 1160 de

263 1209 358 1275 Marci
381 1209 505 1291 quidem
527 1207 667 1290 prasidio
690 1224 749 1271 non
772 1206 884 1290 agitur,
908 1205 1053 1288 quoniam
1075 1205 1102 1270 is
1124 1204 1188 1269 iam
1207 1204 1334 1270 calami·

263 1318 361 1382 tatem
383 1314 527 1398 subierat.
572 1312 775 1401 ermpertus,
798 1330 865 1395 quae
884 1312 1030 1395 leguntur
1043 1310 1083 1376 ad
1097 1312 1164 1375 Att.
1180 1310 1241 1388 111,
1260 1310 1332 1388 9,1,

262 1420 448 1504 intelligitur
470 1417 635 1502 significari
664 1418 843 1500 pericnlum,
875 1417 956 1500 quod
985 1417 1045 1499 ipsi
1073 1416 1188 1496 Quinto
1211 1417 1354 1497 imeae-l

264 1527 360 1605 deret,
384 1524 597 1601 accusationis,
620 1543 689 1590 cum
712 1543 748 1588 ex
769 1523 925 1606 provincia
956 1522 1154 1598 decessissem
1185 1541 1258 1588 eum
1281 1541 1332 1586 cu·

264 1631 381 1696 mulum
405 1631 517 1696 addere
536 1632 679 1711 poterant
693 1628 811 1695 inimici
821 1628 925 1698 Marci
940 1628 1119 1693 calamitate
1133 1646 1196 1692 uon
1212 1627 1330 1693 satiati.

263 1737 463 1808 scribendum
487 1731 597 1820 igilur:
626 1736 667 1800 te
689 1736 806 1818 <in>
828 1735 1019 1819 praesidio
1042 1752 1128 1800 esse
1150 1735 1269 1820 nolui
1291 1735 1333 1810 (et

262 1842 398 1925 impetus
420 1841 616 1906 inimicorum
638 1849 768 1920 cavere).
997 1926 1004 1940 .

330 1985 334 2002 ·
364 1958 589 2038 tricilar:
612 1958 1331 2042 Qui(Pompeius)utperoravit-nam

260 2066 301 2142 ¹in
319 2085 366 2130 eo
388 2084 479 2131 sane
501 2065 624 2130 fortis
647 2065 744 2143 luit,
773 2085 846 2130 non
875 2067 936 2129 est
957 2063 1203 2140 deterritus,
1227 2063 1332 2129 dixit

263 2173 392 2238 omnia
413 2174 533 2255 atque
554 2171 758 2236 interdum
780 2168 901 2234 etiam
924 2169 1116 2245 silentio,
1140 2188 1225 2234 cum
1244 2188 1330 2235 auo·

262 2279 438 2345 toritatc
460 2281 677 2362 peregerat
693 2276 827 2352 -,sed
848 2277 892 2340 ut
914 2274 1137 2357 peroravit,
1153 2278 1212 2340 cet.
1252 2275 1329 2356 Quid

263 2386 444 2451 auctoritate
476 2385 636 2468 peregerat
668 2383 854 2465 etquidem
882 2384 1015 2464 saepius?
1063 2380 1150 2446 Nihil
1171 2400 1256 2460 sane,
1280 2381 1328 2446 sed

262 2491 472 2576 perfiegerat
504 2488 554 2572 (er
586 2490 686 2572 morey
719 2487 843 2572 daret).
903 2488 976 2553 Sine
1006 2489 1184 2554 accusativo
1216 2487 1329 2554 dicitnr

263 2597 519 2680 perfringere
527 2596 637 2696 setiam
652 2594 703 2660 Or.
720 2597 769 2658 97.
793 2595 860 2676 [Sic
880 2594 943 2658 iam
961 2595 1143 2672 (ludelmus,
1165 2593 1217 2659 cui
1238 2611 1326 2658 nemo

261 2702 475 2780 auscultavit]
499 2701 596 2765 Paulo
611 2702 683 2782 post
697 2702 730 2784 (ξ
747 2702 779 2779 5)
795 2701 953 2766 scribitur:
970 2699 1045 2765 Sed
1063 2700 1166 2766 idem
1182 2699 1328 2764 Nerius

213 2861 220 2874 .
261 2792 383 2873 index
405 2807 538 2872 edidit
559 2807 605 2872 ad
634 2807 831 2891 alligatos
853 2806 915 2871 (lu.
935 2805 1148 2872 Lentulum
1171 2806 1328 2871 Vatiam

235 3002 237 3005 Ι
263 2909 766 2978 eto.00rne1iumistaei.
791 2914 930 2978 Primum
944 2910 1327 2978 restituendumell:ad

262 3017 485 3101 allegatos,
507 3017 563 3082 lroe
584 3019 641 3096 est,
665 3019 704 3082 ad
726 3037 788 3097 eos,
812 3019 866 3102 qui
882 3018 978 3084 Sestii
999 3019 1124 3084 nomine
1146 3019 1186 3083 ad
1200 3017 1327 3083 Nerium

263 3122 351 3189 missi
373 3115 462 3188 erant
483 3125 515 3188 et
536 3143 606 3190 cum
628 3143 662 3190 eo
682 3125 831 3208 agebant3
856 3125 967 3190 deiude
983 3123 1178 3190 scribendum
1191 3125 1326 3191 ridetur:

261 3229 321 3295 (lu.
350 3227 565 3297 Lentulum
599 3230 758 3296 Vatiam
792 3233 831 3295 ct
862 3231 894 3296 O.
927 3229 1160 3296 Cornelium
1191 3229 1324 3296 instare.

261 3336 326 3402 Hos
349 3335 425 3400 duos
446 3335 558 3401 Nerius
580 3353 739 3417 superesse
761 3337 862 3403 Sestio
888 3320 1082 3402 accusatores
1102 3338 1134 3401 et
1157 3337 1324 3410 imminere,

262 3443 288 3507 si
308 3444 375 3524 ipse
398 3441 580 3518 destitisset,
604 3441 751 3508 ediderat.

362 3545 439 3610 Ibid.
463 3546 494 3624 6,-
517 3546 534 3607 1
558 3548 590 3612 et
611 3547 645 3612 2:
678 3547 778 3612 Mihi
810 3566 893 3613 cum
924 3568 993 3614 sua
1021 3552 1164 3630 sponte
1186 3549 1322 3616 iucun-

261 3651 348 3739 dum
382 3651 479 3734 (quod
494 3704 498 3712 .
514 3652 645 3719 Gabinio
677 3655 708 3718 in
743 3656 852 3720 senatu
885 3654 1070 3737 supplicatio
1109 3654 1323 3720 contumeliose

262 3749 373 3841 negata
406 3763 493 3836 erat),
531 3759 613 3822 tum
649 3758 886 3839 iucundius,
920 3759 1023 3844 quod
1055 3778 1111 3825 mo
1143 3760 1321 3833 absente

261 3861 412 3928 etenim
435 3864 672 3948 εἰλικρινὲς
693 3865 890 3932 iudicium
906 3866 1320 3950 sincoppugnatione‚

260 3966 347 4034 siue
383 3967 518 4050 gratia
550 3973 807 4038 nostraerat.
847 3976 945 4037 Aule
979 3973 1082 4056 quod
1115 3959 1258 4038 Idibus
1289 3973 1321 4036 et

259 4073 464 4156 postridie
486 4074 622 4139 luerat
642 4077 792 4142 dictum
817 4078 861 4143 de
877 4097 971 4161 agro
988 4079 1183 4163 Campano
1199 4080 1320 4144 actam
