2728 4582
285 248 326 310 42
448 281 505 316 4
645 248 746 304 aran
776 246 841 317 σω.
860 248 909 302 n1.

309 457 312 464 “
345 445 423 513 lbid.
447 444 523 508 217:
548 432 945 528 οδεοςτοίνονένιοιίτω
967 443 1013 529 τῷ
1036 437 1128 529 νόμῳ
1152 441 1305 528 φαίνεται

245 552 352 625 κακῶς
375 552 551 638 ἐπιχειρῶν
574 546 672 637 ῶμῶς.
689 566 814 627 ποιεῖν,
846 544 889 618 δι’
919 539 959 616 οὗ
986 564 1058 622 τοῖς
1086 543 1217 616 α’διιιεῑν
1239 554 1306 614 ἐπι·

244 659 412 745 χειροῦσιν
449 659 536 726 εἰσίν
571 665 607 724 αἱ
640 659 809 745 τιμωρίαι.
864 658 963 724 Nulla
998 676 1058 722 una
1092 657 1142 721 lex
1178 655 1306 739 intelligi

243 767 347 847 potest
366 766 425 830 nisi
447 766 521 847 ipsa.
535 766 738 843 Timocratis;
771 784 878 833 verum
910 782 947 830 ea
974 783 1035 829 nou
1065 763 1306 834 continebantur,

244 871 297 937 sed
330 869 517 938 tollebantur
546 872 722 938 nocentium
750 889 856 954 poenae.
911 871 952 936 nt
980 889 1031 935 eas
1061 871 1093 934 et
1114 869 1215 934 totam
1245 886 1307 932 rem

244 978 399 1060 publicam
435 979 536 1043 orator
565 976 682 1044 dixerat
711 977 860 1044 contineri
882 990 954 1050 τοῖς
975 970 1096 1060 νόμοις
1117 975 1307 1057 maximeque

243 1083 283 1148 iis
315 1083 446 1165 legibus,
480 1104 547 1167 quae
581 1085 619 1149 de
650 1087 748 1167 poeuis
784 1087 816 1150 et
851 1083 987 1168 praemiis
1023 1084 1134 1147 essent.
1201 1082 1307 1163 ltaque

243 1189 408 1271 scripserat
442 1193 624 1272 oratorfiec
657 1183 766 1278 σοῶιω
801 1192 957 1277 φαίνεται
991 1189 1100 1262 κακῶς
1134 1189 1307 1276 ἐπιχειρῶν

243 1289 335 1379 ῶμῶς
363 1309 489 1370 ποιεῖν,
526 1290 568 1361 δι’
598 1285 640 1364 οδ
667 1312 739 1372 τοῖς
768 1291 899 1364 α’δικεῑν
921 1295 1146 1384 ἐπιχειροῦσιν
1168 1296 1255 1364 εἰσίν
1276 1299 1308 1358 αἱ
1350 1357 1351 1364 ,

243 1403 411 1488 τιμωρίαι,
439 1403 471 1468 in
493 1423 526 1468 eo
549 1405 626 1487 ipso,
650 1424 709 1488 qno
730 1423 828 1487 poene
847 1404 1052 1481 continentur,
1082 1402 1141 1469 hcc
1161 1406 1217 1477 est,
1239 1414 1308 1473 τοῖς
1348 1420 1351 1466 s

243 1502 372 1593 νόμοις.
423 1509 482 1588 Qui
515 1529 575 1576 non
608 1512 803 1578 intellexerat
836 1517 872 1577 ἐν
904 1503 1015 1598 τούτῳ
1044 1509 1218 1594 generatim
1238 1507 1307 1578 diei,
1347 1504 1351 1585 Ϊ

243 1614 366 1681 addidit
386 1615 431 1700 τῷ
454 1609 558 1704 νόμῳ.
1350 1635 1351 1640 ’

342 1804 475 1883 XXVII,
498 1807 554 1870 54:
579 1808 632 1872 καί
666 1806 860 1892 μαρτυρίαν
881 1813 946 1894 μὲν
968 1801 1135 1891 οὐδεμίαν
1151 1799 1308 1890 ἐνεβάλε-

243 1936 281 1976 το
304 1905 434 1978 τούτων
457 1906 475 1976 e‘
497 1906 592 1978 ταῦτ’
615 1917 731 1979 εἰπεῖν
754 1906 910 1990 α’ξιῶσας,
940 1913 1026 2000 ψιλῷ
1056 1913 1090 1980 δὲ
1117 1907 1203 1998 lo‘yp
1231 1933 1308 1998 χρη·
1347 1912 1351 1982 'r

242 2011 392 2102 σῶμενος
421 2013 465 2091 ῶς
497 2013 817 2106 πιστευθησόμενος
847 2015 888 2088 δι’
919 2020 1064 2087 ἐκείνων.
1108 2019 1308 2102 Perspicuum
1345 2034 1351 2151 η

246 2125 295 2189 eat
316 2143 484 2207 pronomen
517 2127 665 2207 ἐκείνων,
689 2127 753 2193 sive
774 2146 829 2210 pre
850 2119 1022 2193 masculine
1043 2128 1109 2193 sive
1130 2144 1186 2208 pre
1202 2126 1307 2189 neutro
1345 2154 1351 2215 ς

244 2229 387 2314 accipias,
428 2229 509 2296 nihil
541 2217 666 2300 omnino
690 2234 812 2310 habere,
849 2253 909 2317 qun
945 2232 1108 2316 referatur;
1145 2229 1308 2313 requiritur

243 2341 347 2403 autem
379 2337 564 2422 significatio
596 2339 668 2404 fidei
700 2340 831 2406 inaniter
863 2342 895 2404 et
928 2339 994 2404 eine
1027 2338 1092 2405 ullo
1129 2336 1308 2422 argumente

242 2443 404 2508 habenda:
421 2443 611 2526 scriptumne
626 2445 685 2510 fuit
704 2441 772 2512 διδ
797 2446 928 2512 κενῶν
950 2444 1128 2522 similium,
1145 2445 1238 2528 atque
1254 2437 1306 2509 διδ
1350 2513 1351 2518 1

243 2547 344 2633 κενῆς
366 2550 398 2612 et
421 2543 574 2624 διάκενος
597 2551 733 2619 dieitur?
1347 2608 1351 2685 η

342 2735 458 2812 XXIX,
485 2742 517 2802 l:
549 2743 594 2806 Ει
628 2766 679 2825 μη
713 2764 880 2824 προτερον
911 2767 971 2826 μοι
1002 2742 1095 2828 δίκης
1123 2743 1308 2826 γενομένης
1350 2783 1353 2828 p

243 2837 330 2928 πρός
345 2839 521 2931 Ἄφοβον,
545 2837 569 2911 ῶ
592 2842 715 2932 ἄνδρες
738 2847 904 2926 δικασταί,
921 2841 1081 2938 συνῄδειν
1096 2847 1210 2934 πολλῶ
1230 2840 1308 2912 τού·

243 2976 310 3017 των
330 2951 434 3037 μείζω
458 2955 514 3020 καί
542 2946 702 3039 δεινότερ’
724 2947 833 3021 αὐτοῦ
856 2961 1077 3040 ψευσαμένου
1098 2953 1220 3040 ῥαδίως
1241 2958 1307 3029 ἐξε-

242 3059 357 3144 λέγξας
379 3057 434 3125 διιί
450 3055 515 3144 τήν
530 3056 756 3146 περιφάνειαν
773 3061 841 3127 σῶν
856 3055 1089 3148 α’διιιημοίνων,
1105 3059 1307 3146 θαυμασίως

241 3159 287 3231 ῶν
318 3159 362 3238 ῶς
389 3159 618 3253 ηῶλαβσῶμην
644 3162 695 3254 μη
726 3171 781 3236 καί
813 3170 877 3236 νῶν
903 3164 945 3235 ου’
967 3169 1108 3254 δυνηθῶ
1133 3168 1236 3244 δεῖξαι
1259 3166 1305 3250 πη
1350 3220 1351 3236 r

241 3269 495 3359 παρακρούεταί
517 3268 604 3340 ποθ’
639 3286 761 3343 ἑίιασια
794 3268 889 3362 ripae
922 3269 1045 3342 αὐτῶν.
1097 3273 1204 3357 Neque
1226 3275 1307 3339 ποτέ

242 3381 350 3461 aptum
383 3382 439 3455 est,
470 3399 570 3462 neque
603 3383 674 3464 apte
702 3393 824 3450 ε”καοτα
857 3383 988 3449 subiecti
1016 3383 1117 3447 locum
1139 3382 1233 3454 tenet,
1257 3377 1306 3463 qui

240 3483 411 3552 manifeste
434 3486 562 3568 Aphobo
586 3488 724 3556 debetur.
761 3490 964 3557 Scribendum
979 3493 1101 3573 opinor:
1125 3487 1174 3572 πη
1197 3513 1306 3571 παρα·
1349 3559 1350 3566 q

242 3586 400 3675 ιιροῶεσαι
424 3585 520 3660 καθ’
542 3603 663 3661 ε’ἰιαστα
686 3589 780 3682 ῶμᾶς
803 3591 916 3664 αῶιῶν
939 3595 1019 3672 (τῶν
1041 3587 1284 3681 α’δικημοίεων).
1349 3605 1350 3678 p

347 3743 450 3824 XXX,
474 3749 528 3808 14:
554 3742 640 3814 ὥσθ’
664 3741 750 3834 ῶμῑν
771 3753 933 3836 γενέσθαι
957 3739 1108 3832 φανερῶν
1129 3743 1196 3824 ὅτι,
1215 3752 1245 3814 εἰ
1259 3739 1305 3829 μη

243 3851 296 3916 καί
320 3851 375 3917 ἐπὶ
398 3845 532 3926 τούτοις
554 3847 627 3921 α’λλ’
650 3857 705 3921 ἐπὶ
729 3856 773 3942 τῶ
796 3849 851 3921 διαί
874 3859 1000 3940 ταχέων
1014 3847 1208 3921 α’ποδοῶναι
1226 3848 1304 3938 τείρ-

239 3952 359 4044 γιίρισν
381 3957 481 4044 εἶχον,
512 3954 573 4026 cria
602 3956 647 4026 δίν
675 3954 752 4027 ποτ’
778 3955 951 4029 α’πὲδοσαν
974 3954 1047 4029 οῶδ
1068 3956 1113 4027 ῶν
1135 3977 1303 4049 προεῖντο.

240 4062 348 4146 Neque
371 4065 426 4131 ἐπὶ
449 4063 592 4141 aaaron,
623 4086 682 4149 quo
705 4085 872 4150 prenomen
894 4067 1054 4145 referatur,
1077 4068 1181 4148 habet,
1206 4083 1304 4152 neque
