2740 4572
530 205 720 275 Quintilianus.
1053 206 1114 272 215

69 402 183 479 venit,
200 403 237 466 in
252 420 384 480 versu3
400 404 454 469 sed
475 403 507 469 in
522 403 662 488 boeipso
678 405 816 471 membro
831 405 970 471 nonnihil
984 422 1004 470 a
1017 405 1157 489 vestigiis

65 508 230 573 oodieum
247 510 279 574 et
293 509 358 575 veri
372 510 535 575 aberravit.
558 510 608 576 Sic
623 512 703 577 enim
720 511 913 577 scribendum
930 515 993 577 est:
1013 513 1157 593 prolem

65 614 254 679 dicendi
276 616 315 681 in
336 634 455 682 versu
476 617 526 683 ius
548 618 606 691 est,
631 615 822 699 prosapia
846 617 1055 696 insalsum.

496 865 619 934 Plinius
641 868 754 934 minor.

188 1033 244 1114 Ep.
268 1032 292 1109 l,
321 1035 350 1108 b,
373 1033 392 1096 3
422 1033 473 1109 (de
502 1033 546 1098 M.
577 1034 696 1119 Regulo
723 1035 795 1116 post
823 1032 994 1098 Domitiani
1023 1037 1154 1100 mortem

9 1110 10 1133 ¹
65 1138 197 1203 timido
219 1139 343 1221 propior
364 1139 584 1220 museieptiam
612 1141 761 1206 scelerum
789 1139 1052 1216 oommissommlr
1082 1139 1154 1205 La·

8 1199 10 1342 i
65 1248 199 1310 aeret
235 1244 480 1310 Herennium
517 1244 793 1324 Senecionem,
836 1247 916 1310 tam
954 1246 1155 1328 intempe-

8 1344 10 1410 l
66 1352 226 1416 ranter
247 1349 425 1434 quidem,
441 1355 484 1416 ut
500 1354 557 1417 oet.
580 1351 762 1417 Neoessario
777 1351 973 1417 scribendum
986 1349 1153 1420 laosraral

8 1453 11 1530 l
67 1464 106 1522 et
137 1459 270 1540 propter
297 1476 362 1522 rem
394 1461 426 1522 et
456 1463 580 1542 propter
608 1477 653 1536 ea,
676 1477 745 1540 qnae
766 1457 949 1541 praeoeduut,
971 1456 1152 1539 plusquam·

8 1531 10 1620 i
68 1565 221 1645 perfecta
244 1565 404 1629 foverat
427 1566 459 1629 et
480 1566 771 1630 exsultaverat.

8 1623 12 1712 i
186 1682 267 1748 Ibid.
287 1682 373 1760 VlIl,
396 1682 427 1758 6,
449 1684 467 1745 9
492 1682 543 1759 (de
565 1684 674 1749 senatu
689 1681 853 1746 Claudium
875 1683 1011 1764 rogante,
1028 1680 1065 1743 ut
1085 1679 1153 1761 ipse

8 1764 10 1794 '
73 1787 262 1854 Pallantem
293 1787 490 1871 compelleret
519 1788 559 1854 ad
587 1786 797 1871 accipiendam
827 1805 980 1852 summam
1002 1804 1021 1850 a
1043 1787 1152 1853 senatu

70 1895 102 1957 ei
121 1893 316 1971 decretamlr
340 1896 381 1959 ld
406 1915 497 1960 vero
520 1894 675 1974 deerat,
696 1895 739 1959 ut
760 1891 1152 1960 eumPallanteaua-

8 2005 11 2029 ³
70 2001 260 2066 inritata
281 2001 446 2083 publiea
468 2005 673 2085 ageretur,
697 2000 834 2066 Pallas
856 2001 1087 2083 rogaretur,
1110 2001 1153 2064 ut

72 2108 247 2172 senatui
287 2108 465 2186 eederet,
499 2111 541 2173 ut
576 2107 644 2171 illi
676 2105 979 2188 superbissimae
1018 2106 1151 2171 abati·

71 2215 228 2279 uentiae
249 2215 379 2290 Oaesar
401 2216 488 2297 ipse
509 2212 733 2279 adreeatus
761 2215 886 2286 esset,
919 2229 962 2276 ne
991 2211 1148 2276 sester-

72 2320 180 2385 tium
203 2321 360 2386 aenties
382 2319 654 2405 quinquagies
676 2313 900 2400 sperrieret.
950 2317 1031 2382 Pieri
1062 2317 1147 2383 nullo

74 2427 169 2492 modo
191 2427 304 2509 potest,
326 2431 362 2492 ut
383 2426 605 2493 advocatus
627 2423 822 2490 abstinentia
844 2423 946 2487 Caeam
963 2422 1146 2505 appelletur,

71 2535 127 2597 oui
151 2535 190 2599 ab
213 2535 322 2599 senatu
343 2537 445 2616 portes
467 2535 579 2598 dentur
600 2549 659 2597 non
683 2528 882 2595 defendendae
903 2529 1052 2594 Pallantis
1074 2531 1146 2595 abs·

75 2640 228 2718 tinentia,
260 2641 313 2705 sed
347 2640 558 2725 expugnanda
590 2643 622 2703 et
649 2634 816 2702 vinoendae.
866 2634 995 2700 Poterat
1024 2634 1145 2702 Plinius

75 2748 227 2812 seribere:
260 2746 389 2812 Caesar
420 2747 507 2829 ipse
540 2745 810 2828 allegaretur,
843 2741 965 2825 proprio
992 2742 1084 2806 rerbo
1108 2741 1146 2806 de

74 2852 125 2931 iis,
149 2853 203 2934 qui
225 2853 265 2917 ari
287 2853 420 2936 aliquem
442 2851 585 2935 precandi
614 2852 645 2915 et
673 2849 818 2916 monendi
847 2867 940 2914 eausa
960 2849 1145 2925 mittuntur;

76 2959 131 3022 sed
155 2977 191 3023 ex
213 2957 467 3043 allegaretur
489 2974 579 3024 nemo
599 2957 736 3022 lauturus
751 2959 825 3034 erat,
843 2957 923 3038 quod
939 2960 972 3020 in
988 2955 1146 3022 codicibus

75 3065 240 3139 seribitur;
262 3064 356 3130 aliam
376 3065 472 3150 igitur
494 3063 654 3129 sententiae
675 3062 806 3127 formam
820 3061 941 3126 Plinius
960 3065 1082 3126 secutus
1099 3063 1147 3127 est

75 3171 270 3254 scripsitque,
293 3172 329 3236 ut
352 3174 467 3253 opinor,
489 3188 550 3235 une
572 3169 723 3234 voeabula
739 3168 826 3249 pluer
854 3170 896 3231 ut
917 3166 982 3231 illi
1005 3186 1146 3249 super-

76 3278 254 3342 bissimae
275 3274 681 3342 abstinentiaeansar
703 3271 1026 3354 ipseadvoeatus
1042 3275 1145 3338 esset

76 3383 264 3466 <testis>,
294 3401 338 3447 ue
360 3382 419 3448 oet.
468 3383 595 3446 Testem
624 3379 816 3447 abstinentiae
851 3376 952 3442 Pallas
984 3377 1144 3444 habiturus

76 3492 144 3555 erat
165 3489 313 3554 Oaesarem
350 3507 368 3552 a
399 3490 506 3553 senatu
538 3489 568 3551 in
599 3486 747 3552 auxilium
776 3485 968 3550 advocatum.
1012 3483 1145 3551 Videtur

75 3595 199 3660 testis
232 3596 392 3671 omissum,
425 3614 494 3661 eum
528 3594 751 3659 advocatus
783 3609 844 3656 nou
873 3591 956 3655 reete
985 3610 1039 3673 pre
1070 3593 1143 3657 sub·

76 3703 211 3778 stantiae
232 3705 391 3785 aeoeptum
413 3705 504 3768 esset.

176 3819 254 3884 ibid.
277 3821 333 3895 IX,
356 3821 385 3900 6,
409 3821 443 3884 3:
475 3837 572 3903 ques
595 3837 610 3882 e
618 3835 665 3900 ge
686 3816 847 3900 (quosdam
863 3833 972 3898 graves
987 3814 1142 3894 homines)

74 3944 160 3990 eum
191 3929 381 3993 recordor
412 3930 450 3993 in
481 3944 521 3992 re
547 3925 659 3989 inani
687 3920 841 4006 frigida
871 3921 1141 3987 assiduatum

77 4033 383 4101 insatiabiliter
412 4032 617 4104 desidere,
647 4030 760 4111 capio
791 4028 967 4112 aliquam
997 4027 1140 4110 volup·
