2712 4576
284 265 343 328 120
647 264 705 320 Lib.
724 263 761 320 II.
783 264 847 333 Gap.
866 263 902 318 Π.

241 462 404 528 dicendum
448 465 514 528 erat
556 462 802 528 viderentur.
860 461 1035 546 Utrumque
1070 458 1243 544 (nostris
1281 458 1311 520 et

240 567 470 652 uideantur)
499 571 566 634 turn
598 570 722 635 demum
749 569 822 634 ferri
850 570 955 650 potest
982 569 1243 654 aptissimumque
1264 565 1309 636 fit.

240 676 266 740 si
288 675 454 776 separatim
487 675 602 759 aliquid
635 675 674 742 de
705 675 861 742 Ciceronis
892 675 1061 758 aequalibus
1091 675 1140 753 iis,
1170 693 1242 758 quae
1274 673 1310 736 de
1343 721 1344 814 1

241 781 382 864 Scipione
404 782 591 862 dictasunt,
621 780 809 865 adiungitur.
858 782 1058 866 Perspicuum
1079 781 1158 852 mihi
1181 779 1310 847 uidetur
1343 827 1344 854 p

238 887 317 954 hanc
340 887 516 956 Ciceronem
543 887 696 954 scribendi
726 888 856 955 formam
886 892 1026 956 secutum
1058 908 1143 955 esser
1167 933 1175 952 .
1198 933 1206 950 .
1233 933 1240 950 .
1265 887 1308 951 ad

241 995 424 1060 ornatum
452 995 634 1060 fanorum
664 977 783 1080 atque
814 994 1049 1080 oppidorum
1072 1013 1161 1062 esse
1187 995 1309 1061 facta.

241 1099 347 1184 <Vos
368 1101 518 1185 facite>
541 1102 584 1166 ut
606 1103 665 1167 cet.
713 1099 844 1168 Omnem
873 1101 954 1167 hunc
980 1101 1083 1168 locum
1105 1101 1211 1168 Cicero
1237 1120 1309 1168 con·

241 1206 339 1272 cludit
370 1206 486 1272 iudices
515 1209 702 1273 exhortando
732 1209 772 1273 ad
795 1226 899 1274 severe
921 1207 1100 1274 huiusmodi
1121 1226 1307 1274 monumen-

240 1317 342 1378 torum
363 1313 559 1379 violationem
580 1313 767 1396 puniendum
789 1317 820 1380 et
842 1313 1011 1398 exemplum
1038 1314 1216 1397 posteritati
1239 1333 1308 1398 pro·

241 1420 384 1487 dandum.
442 1406 488 1484 De
520 1420 587 1503 ipso
620 1419 835 1503 supplemento
869 1422 926 1486 hoo
958 1440 1055 1485 unum
1077 1421 1307 1496 affirmaverim,

240 1527 415 1591 aberratum
444 1545 510 1591 esse
538 1545 557 1591 a
583 1527 693 1592 faeta
722 1527 761 1592 ad
790 1527 935 1603 facite3
958 1530 1085 1610 possunt
1107 1527 1191 1593 enim
1213 1527 1308 1610 paulo

241 1633 329 1713 plura
360 1633 508 1698 excidisse
536 1634 621 1699 velut
643 1635 760 1716 <Vos
794 1652 932 1700 severe
965 1633 1214 1699 vindicando
1248 1634 1307 1698 fa-

241 1737 365 1820 cite>
387 1741 440 1803 aut
461 1737 583 1804 similia.

287 1863 290 1870 “
341 1865 421 1932 lbid.
445 1867 482 1941 V,
506 1867 582 1932 119:
615 1870 746 1954 Atque
768 1871 848 1956 ipsi
871 1869 992 1936 etiam
1023 1868 1306 1936 adolescentes

240 1981 324 2035 cum
347 1971 482 2040 Sextio
511 1993 579 2040 suo
601 1975 647 2040 de
670 1977 791 2062 plaga
813 1979 851 2042 st
873 1978 917 2042 de
939 1996 1013 2042 uno
1040 1975 1113 2041 illo
1137 1976 1226 2042 ictu
1247 1976 1304 2042 lo-

241 2079 466 2158 quebantur
486 2085 544 2148 cet.
589 2083 787 2166 Ineptissimo
809 2082 841 2147 in
864 2083 1037 2150 miserabili
1058 2103 1091 2149 re
1114 2085 1147 2148 et
1168 2085 1302 2149 oratione

239 2182 307 2248 ioco
328 2194 411 2268 (nam
435 2186 520 2254 iocus
543 2207 609 2255 esse
625 2190 732 2267 debet)
748 2189 880 2254 carnifex
895 2189 1067 2272 appellatur
1082 2210 1188 2256 suus.
1229 2191 1304 2256 Scri·

240 2290 374 2371 bendum
397 2291 516 2378 aperte:
544 2313 604 2362 sua
632 2296 675 2362 de
705 2296 831 2381 plaga.
874 2295 1046 2362 Pronomen
1069 2297 1108 2361 ad
1130 2295 1303 2378 praecedens

239 2413 348 2461 nomen
371 2403 634 2468 accommodatum
657 2409 713 2470 est.

342 2529 419 2595 lbid.
445 2531 518 2596 186:
552 2534 686 2616 teque,
710 2533 923 2614 Hercules,
947 2553 1057 2618 quem
1080 2533 1160 2599 iste
1183 2533 1303 2618 Agri-

240 2635 355 2716 genti
379 2680 543 2698 ......
566 2639 797 2706 convellere
826 2661 869 2707 ex
890 2641 975 2707 suis
996 2640 1162 2707 sedibus
1184 2643 1302 2723 atque

241 2741 401 2806 auferre
435 2745 602 2809 conatus
624 2747 696 2810 est.
745 2747 945 2814 scribendum
974 2767 1041 2816 esse
1072 2767 1114 2813 ex
1142 2749 1218 2827 tuis,
1244 2765 1301 2813 non

242 2847 347 2928 opinor
371 2849 561 2936 argumentis
583 2851 857 2921 demonstrandum
879 2875 954 2922 esse.

342 2989 403 3055 Pau
425 2987 557 3058 monteio
580 2995 616 3057 5:
648 2994 821 3060 Duorum
848 2996 1182 3081 magistratuum,
1211 3013 1299 3080 quo·

240 3113 320 3160 rum
344 3095 513 3180 uterque
535 3098 573 3163 in
595 3101 767 3182 pecunia
790 3105 957 3168 maxima
983 3103 1197 3168 tractanda
1219 3121 1300 3187 pro·

241 3202 496 3287 curandaque
518 3211 704 3273 rer·satus
726 3210 802 3286 est,
831 3209 1120 3276 triumviratus
1143 3212 1182 3274 et
1204 3228 1299 3292 quae·

240 3312 375 3384 sturae,
399 3313 503 3378 ratio
526 3314 584 3378 sio
606 3312 809 3389 redditur,
832 3314 1006 3402 iudices,
1032 3321 1073 3381 ut
1101 3315 1140 3381 in
1170 3317 1225 3382 iis
1246 3335 1299 3381 re-

240 3418 311 3482 bus
357 3462 550 3480 .......
588 3421 702 3486 nulla
737 3420 998 3506 significatio
1036 3423 1155 3498 furti,
1193 3424 1301 3488 nulla

240 3521 417 3589 alicuius
440 3525 589 3591 delicti
611 3526 790 3611 suspicio
812 3529 1027 3597 reseratur.
1063 3529 1210 3595 Rationes
1228 3531 1299 3596 bene

241 3632 272 3690 et
293 3630 377 3694 recte
399 3630 504 3696 relatae
527 3633 673 3715 efficiunt,
696 3654 756 3700 non
777 3636 814 3700 ut
835 3635 919 3701 nrrlla
933 3636 1064 3722 suspicio
1085 3637 1147 3702 ref
1152 3641 1297 3709 eretur,

240 3724 320 3814 duod
343 3735 414 3818 quid
437 3739 487 3812 sit,
510 3739 633 3806 omnino
656 3745 766 3820 nescio,
790 3742 844 3808 sed
866 3747 902 3810 ut
924 3745 1010 3809 nulla
1030 3744 1269 3828 reperiatur.*)

238 3909 472 3918 ...--——.-——-.

296 4007 321 4067 *J
340 4007 356 4076 ξ
375 4008 391 4060 2
409 4025 459 4077 prn
479 4026 520 4077 eo,
540 4012 613 4078 quod
632 4013 773 4068 scribitur:
802 4031 841 4068 an
869 4030 926 4068 vos
953 4015 986 4069 in
1014 4031 1161 4072 errorem
1186 4016 1296 4071 drroere

340 4100 436 4166 velit,
465 4103 609 4158 admodum
639 4105 764 4173 suspicor
792 4107 963 4161 scribendum
991 4124 1051 4164 esse
1070 4106 1213 4174 inducere,
1232 4105 1295 4178 quod
