2728 4582
472 265 681 320 Demosthenes.
1030 265 1070 326 43

65 463 183 543 apparet,
206 463 255 528 eui
277 462 464 529 eontrarium
486 463 636 528 referetur
657 461 788 526 alterum
810 461 890 526 illud
912 461 968 528 ἐπὶ
991 461 1036 546 τῷ
1057 457 1111 526 dac*

63 573 170 652 ταχέων
191 563 396 635 duodecima.
446 568 544 634 Recto
570 566 674 634 omnia
705 568 802 646 eruut,
826 569 853 634 si
875 567 1032 649 scripseris
1055 570 1111 634 ἐπὶ

62 668 97 739 τό
104 700 196 748 νοις.
234 676 377 755 Pecunia,
400 694 492 758 quarn
515 674 618 740 orator
639 674 678 741 ab
691 672 826 741 Onetorc
848 675 967 740 eteius
989 693 1113 741 consor·

62 782 132 846 tibus
162 782 319 847 redditam
352 799 419 846 esse
451 782 554 866 negot,
587 783 643 846 aut
664 781 773 846 mutue
795 779 840 844 eis
862 778 936 844 duta
967 782 1012 846 ite
1045 799 1112 846 esse

24 893 26 904 ’
59 887 173 966 poterut,
195 889 232 952 ut
253 908 378 954 usurum
399 886 565 971 solverent,
594 889 649 951 ant
678 904 714 951 ea
743 885 918 952 condicione
939 887 1052 970 deberi,
1075 890 1111 953 ut

58 993 152 1058 stetim
175 994 322 1060 solvenda
343 995 435 1060 esset.
479 994 597 1076 Itaque,
622 1013 659 1058 ne
681 993 707 1058 si
729 992 788 1057 hac
803 991 928 1074 quidem
943 992 1111 1075 posteriore
1172 977 1178 998 ⁸

57 1097 161 1164 ratione
184 1100 356 1178 deberetur,
378 1119 429 1166 eos
452 1118 519 1164 eam
542 1097 718 1164 reddituros
740 1098 834 1164 fuisse
856 1096 1003 1164 ostendit.

143 1239 260 1315 XXXI,
294 1240 348 1306 14:
402 1241 463 1307 τόν
497 1240 530 1305 δὲ
562 1234 881 1322 καταδικασάμενον
904 1285 1109 1306 .......

57 1337 261 1431 ἠναγκάσθαι
277 1347 418 1412 τοιαῦτα
442 1355 587 1422 παθεῖν,
612 1352 858 1433 κεκομισμένον
878 1339 960 1432 μηθ’
982 1339 1110 1422 ὁτιοῦν,

60 1453 104 1516 καί
125 1447 220 1517 ταῦτ’
244 1457 406 1519 ἐθέλοντα
431 1467 545 1520 ποιεῖν
566 1449 652 1539 ὑμῖν
671 1447 800 1530 αὐτοῖς,
824 1457 857 1519 εἴ
875 1480 906 1519 τι
927 1453 995 1519 των
1018 1446 1112 1519 dedv-

57 1583 114 1623 των
141 1553 329 1641 ἐβούλεσθε
360 1554 533 1645 προίττειν.
590 1559 656 1638 Quo
689 1562 864 1646 significatu
898 1573 1012 1627 ποιεῖν
1044 1585 1110 1626 τινι

56 1665 184 1730 absolute
205 1666 289 1732 nullo
312 1667 417 1732 addito
440 1667 569 1741 dicetur,
600 1669 712 1733 neseio.
767 1667 883 1750 Opiuor
916 1666 1111 1732 scribendum

57 1789 114 1835 esse
145 1787 303 1838 πονεῖν
343 1766 428 1859 ὑμῖν
460 1766 596 1852 αὐτοῖς,
631 1773 720 1838 vobis
753 1773 890 1839 laborem
923 1777 955 1838 et
987 1791 1111 1855 operam

56 1891 165 1944 iithtl'tt.

19 2103 20 2110 η
141 2018 268 2098 XXXV,
292 2021 348 2085 54:
371 2017 455 2106 ὅπερ
479 2011 541 2088 οὖν
564 2010 697 2110 ἐνοίρχῄ
720 2013 905 2107 ὑπεθέμην
920 2021 980 2088 τοι]
994 2015 1111 2109 λόγων,

19 2131 20 2139 ’
54 2120 98 2188 ὅτι
121 2128 173 2192 καί
196 2120 297 2211 ω’μεῑς
318 2121 494 2195 αἰλικεῖσθε
525 2121 624 2193 οὐδὲν
646 2116 750 2212 ἧττον
771 2129 839 2193 τών
862 2121 992 2193 δόντων
1013 2123 1112 2212 ἡμῶν

54 2225 89 2296 ταί
99 2227 264 2318 χρήματα.
288 2249 444 2302 σκοπεῖτε
460 2227 501 2311 δ’,
524 2226 550 2300 σί
571 2231 692 2319 ἄνδρες
716 2233 882 2311 δικασταί,
910 2234 982 2308 πῶς
1005 2257 1111 2300 σανα·

56 2339 209 2415 λικεῖσθε,
234 2337 374 2408 ἐπειδοίν
386 2368 438 2416 τις
448 2343 517 2408 τῶν
539 2337 655 2428 νόμων
678 2342 746 2406 ταῖν
761 2333 934 2425 ὑμετέρων
950 2340 1112 2425 κρείττων

18 2505 19 2510 ,
55 2448 176 2536 ἐγχειρῇ
200 2447 287 2514 εἶναι
311 2496 421 2514 .....
424 2497 435 2526 ,
459 2449 531 2522 πῶς
553 2443 613 2516 οὐκ
637 2442 747 2516 α’θικεῑ
768 2441 786 2512 ὁ
800 2447 955 2520 τοιοῦτος
970 2443 1111 2541 ἄνθρω-

58 2578 116 2626 πος
142 2556 196 2619 καὶ
227 2549 337 2640 ὁμοῖος
379 2555 548 2630 Sententia,
582 2575 651 2639 quae
685 2556 723 2621 ab
757 2551 843 2639 ὅπερ
873 2553 991 2637 incipit,
1027 2557 1111 2620 curet

54 2660 187 2740 epodosi3
211 2664 317 2726 contra
338 2663 374 2742 ei,
403 2681 470 2744 quae
498 2662 607 2744 incipit
633 2682 651 2727 a
680 2675 837 2728 σκοπεῖτε
860 2654 899 2740 d’,
927 2660 1110 2742 interposita

55 2781 101 2843 per
130 2761 271 2833 ἐπειδάν
302 2768 449 2850 temporis
482 2767 726 2850 condicionisque
760 2767 997 2852 significatione,
1018 2784 1111 2848 prave

56 2874 261 2953 superadditur
293 2876 325 2938 et
356 2874 492 2939 adhaeret
521 2873 720 2958 interrogatio
742 2874 796 2938 illc
818 2874 890 2948 πῶς
914 2866 976 2939 οὐκ
999 2867 1112 2941 ddecet

56 3001 78 3041 ν.
88 3003 112 3045 τ.
121 2981 147 3044 λ.
170 2979 269 3045 Recta
291 2979 387 3045 oratio
411 2979 561 3045 efficietur
573 2979 694 3046 sublato
719 2974 749 3046 δ’
770 2983 841 3063 post
862 2995 1020 3048 σκοπεῖτε
1043 3001 1111 3047 ver·

55 3081 151 3167 hisque
173 3087 218 3151 sic
239 3086 458 3168 interpunctis:
481 3082 567 3170 ὅπερ
590 3077 654 3152 οὖν
677 3091 713 3152 ἐν
736 3079 821 3176 α’ρχῇ
843 3081 1029 3174 ὑπεθέμην
1048 3088 1111 3154 τοῦ

56 3181 158 3273 λόγου,
182 3188 234 3257 ὅτι
258 3193 312 3270 καί
335 3186 435 3275 ιίμεῖς
457 3185 634 3260 σῖθικεῖσθε
657 3187 756 3260 σιίιλὲν
777 3182 881 3278 ἧττον
897 3194 966 3262 τῶν
982 3188 1110 3261 δόντων

56 3288 142 3378 ἡμῶν
163 3294 206 3365 τοί
230 3294 398 3384 χρήματα,
421 3293 583 3376 σκοπεῖτ’,
599 3292 624 3365 ὦ
639 3296 761 3383 ἄνδρες
777 3302 931 3368 δικασταί
947 3294 1110 3379 (σκοπεῖτ’

55 3397 121 3489 ἤδη,
144 3397 169 3472 αἶ
191 3402 314 3490 ἄνδρες
343 3407 545 3483 descondit),
579 3409 650 3480 πῶς
684 3407 934 3474 σωκαιλικεῑσθε.
971 3403 1110 3476 ἐπειδσίν

54 3514 175 3582 κισσῶν
190 3507 306 3598 νόμων
321 3514 389 3580 τῶν
403 3508 576 3598 οίμετέρων
592 3515 752 3599 κρείττων
767 3514 897 3604 ἐγχειρῇ
913 3513 999 3580 εἶναι
1012 3562 1095 3581 .....
1099 3562 1108 3594 ,

19 3675 21 3684 .
55 3617 117 3691 πῶς
137 3615 198 3685 οὐκ
220 3613 331 3687 αἰλικεῖ
352 3614 370 3686 ὁ
393 3620 547 3694 τοιοῦτος
568 3617 758 3705 ἅνθρωπος
781 3624 835 3688 καὶ
858 3616 967 3705 utpote,-

142 3758 288 3841 XXXVI,
310 3764 368 3827 47:
397 3754 548 3849 ὑβρίζεις
574 3767 638 3845 μὲν
661 3757 787 3830 σαατόν
810 3766 863 3831 καί
888 3759 968 3837 τούς
989 3771 1109 3850 γονέας

57 3868 250 3946 τεθνεῶτας,
273 3868 537 3954 προπηλακίζεις
563 3871 598 3936 δὲ
619 3865 685 3954 τη“ν
709 3864 822 3948 πόλιν,
846 3871 901 3939 καί
925 3866 948 3936 εἲ
970 3865 1025 3937 ded
1048 3871 1109 3956 τῆς

58 3965 173 4039 τούτων
199 3977 463 4060 φιλανθρωπίας
490 3967 690 4050 α’πσλαιίσας
718 3973 834 4064 εὕρετο
865 3973 883 4044 o‘
907 3976 964 4051 σός
993 3973 1107 4062 πατήρ

58 4076 104 4141 καί
124 4078 206 4162 μετοί
230 4082 337 4149 ταῦτα
354 4084 513 4169 Φορμίων
528 4075 656 4159 σιίτσσί,
672 4085 780 4151 ταῦτα
796 4081 873 4152 οἷντλ
889 4084 950 4150 τοῦ
968 4097 1109 4168 κοσμεῖν
