2728 4582
510 284 674 340 Herodotns.
1044 287 1082 350 31
1147 247 1152 257 ί

65 478 111 559 qui
144 498 235 546 nares
268 481 404 558 bellicas,
437 482 557 565 pedites
585 483 741 566 equitesre
763 482 958 565 praebuerint,
981 481 1128 560 alterum*

65 583 120 666 qui,
152 584 214 668 ipsi
246 589 405 673 pugnandi
439 591 589 672 expertes,
623 589 766 654 exercitui
796 609 866 654 oum
894 588 1130 671 impedimentis

62 691 295 775 transportando
316 697 496 764 necessaria.
550 695 659 778 Itaque
689 697 795 778 opinor
817 693 1015 761 seribendum
1038 713 1125 760 esse:

62 811 141 863 τοῖοι
166 799 200 866 δὲ
216 797 401 888 ἱππαγωγοὶ
418 807 521 869 πλοῖα
534 805 642 884 <voi
650 805 731 886 σι>
743 803 1050 886 στρατευομένοισι.
1085 801 1128 866 nt

61 905 177 986 poterat
208 921 295 973 τοῖσι
328 928 389 975 σου
422 908 589 974 difficulter
622 909 758 975 excidere
794 909 867 990 post
902 908 1024 973 litteras
1057 932 1123 974 οια.

61 1009 199 1077 Ceterum
222 1013 255 1078 in
277 1019 411 1080 extremo
432 1003 570 1080 membro
591 1017 624 1080 et
639 1016 792 1099 postremo
809 1031 921 1098 genero
937 1032 1053 1091 eorum,
1070 1013 1124 1095 qui

60 1119 204 1184 exercitui
225 1124 397 1188 necessaria
421 1121 615 1204 praebneriut
638 1122 715 1187 mire
738 1120 965 1204 coniunguntur
987 1117 1062 1186 σῑτᾰ
1086 1145 1122 1186 τε

61 1225 111 1289 καὶ
135 1231 218 1298 νέες,
242 1245 289 1292 res
315 1228 397 1292 inter
411 1247 446 1293 se
461 1228 611 1292 distantes
629 1232 660 1292 et
675 1227 830 1304 diiunctae,
857 1245 926 1293 oum
952 1227 1127 1308 praesertim

60 1337 127 1404 νέες
148 1335 249 1418 magis
271 1335 309 1398 ad
332 1333 461 1399 classem
486 1337 584 1417 ipsam
609 1336 813 1418 pugnantium
835 1327 1009 1416 pertin'eant
1025 1343 1077 1413 ι-
1090 1334 1121 1397 in

59 1438 198 1518 pontibus
214 1441 296 1505 enim
311 1441 465 1506 struendis
480 1447 603 1524 propter
617 1439 804 1524 singularem
820 1459 909 1504 usum
926 1438 1124 1504 nominantur

14 1611 16 1638 ξ
58 1541 172 1608 adiecto
194 1550 399 1634 perpet-b
420 1547 472 1613 hie
495 1549 595 1629 potius
617 1549 719 1612 πλοιιι
743 1548 968 1627 exspectentur.
1000 1546 1127 1624 Vereor*

57 1667 92 1712 ne
113 1650 151 1715 ab
173 1650 329 1717 Herodoto
351 1652 434 1718 atiud
458 1673 566 1717 nomen
590 1655 724 1736 positum
747 1650 839 1716 fuerit
860 1669 925 1715 rem
948 1671 1018 1716 oum
1038 1654 1126 1719 eibo-

14 1801 15 1804 ,
58 1755 106 1820 riis
128 1757 323 1822 ooniunotam
345 1759 534 1842 significans,
558 1760 612 1824 sed
635 1762 711 1824 oerti
733 1757 812 1823 nihil
834 1758 958 1841 reperio.

155 1898 323 1964 lbid.127:
346 1901 414 1964 τῶν
426 1902 460 1966 di
473 1903 750 1985 καταλεχθέντων
763 1895 891 1964 τούτων
903 1899 1071 1980 ποταμῶν
1086 1906 1121 1964 ἐκ

58 2004 308 2088 Κρηστωναίων
323 2010 406 2091 ῥέων
423 2002 621 2094 Ἑρείὸωρος
640 2009 771 2093 μοῦνος
793 2001 853 2071 ουίι
877 1999 1057 2092 α’ντίχρησε
1079 2008 1122 2092 τῇ

57 2109 196 2199 στρατιῇ
218 2106 418 2196 πινόμενος,
442 2108 514 2179 ἄλλ’
536 2118 684 2182 ἐπέλιπε.
730 2114 827 2179 Valde
857 2131 970 2188 vereor,
993 2131 1031 2176 ne
1052 2130 1123 2175 ver·

58 2215 123 2281 bum
150 2211 321 2305 σι’ντιχρᾶν,
338 2220 426 2302 'quod
448 2240 502 2303 pro
525 2240 570 2296 eo,
589 2218 671 2304 quod
687 2222 735 2285 est
750 2218 898 2295 sufficere,
913 2218 1025 2298 prreter
1041 2218 1121 2280 buno

56 2320 154 2388 looom
178 2323 260 2390 intro
281 2327 375 2391 etiam
399 2346 465 2409 nep.
482 2327 541 2389 187
558 2327 692 2409 ponitur,
711 2343 811 2389 errore
834 2323 997 2389 conflatum
1020 2322 1063 2387 sit
1085 2341 1123 2386 ex

12 2439 13 2482 1
58 2426 223 2494 elteroutro
258 2432 386 2497 duorrim
421 2434 512 2498 huius
545 2431 778 2516 significationis
810 2430 1016 2512 propriorum3
1051 2447 1126 2492 nam

57 2537 107 2599 aut
129 2530 346 2624 ιῖιτίχρηοι
369 2539 531 2604 dicendum
557 2539 676 2603 videtur
696 2537 791 2602 fuisse
813 2538 869 2602 aut
890 2529 913 2601 α’
921 2539 1074 2622 ντιόχι.

157 2677 233 2744 lbid.
258 2681 330 2744 145:
358 2671 446 2761 ηὀαν
468 2679 502 2745 dr
525 2673 610 2764 πρός
625 2704 722 2752 τινας
738 2682 790 2746 καί
808 2675 932 2752 σίλλους
948 2673 1126 2763 (πόλεμον)

59 2790 304 2870 ἐγκιχρημίνοι,
342 2781 361 2850 n‘
402 2787 434 2853 δὲ
470 2777 516 2853 νίν
548 2789 707 2874 μίγιστος
737 2779 962 2870 Ἀθηναίοισί
993 2812 1029 2852 τε
1067 2787 1124 2852 καί

58 2886 274 2979 Αἰγινήτῃσι.
335 2894 421 2958 Nihil
458 2893 520 2958 looi
555 2894 606 2960 hio
641 2894 753 2960 habere
789 2896 925 2968 verbum,
964 2892 1046 2976 quod
1075 2895 1123 2958 est

58 3000 249 3084 ἐγχρὴοθαι,
283 3001 365 3064 reete
397 3000 540 3065 Reiskius
574 3000 744 3076 intellexit3
777 3000 831 3064 sed
861 3017 928 3081 quoe
949 2999 1123 3074 substituit,

58 3105 155 3172 minus
169 3105 342 3188 probabilia
356 3110 441 3181 sunt3
457 3109 564 3189 opinor
579 3107 729 3190 seriptum
743 3106 838 3170 fuisse
858 3114 1014 3192 ένηργμ
1024 3115 1088 3172 ι’νο
1101 3133 1125 3184 ι,

59 3210 93 3276 de
114 3213 205 3278 bellis
227 3212 336 3293 emptis
360 3216 391 3278 et
412 3215 572 3296 susceptis.

152 3352 333 3420 1bid,170:
367 3349 449 3420 ὥστε
483 3347 587 3439 φόνος
619 3347 820 3438 Ἑλληνικός
842 3359 999 3440 μέγιστος
1022 3341 1126 3426 οὗτος

58 3455 96 3544 δή
117 3465 250 3547 ἐγένετο
274 3453 415 3525 τισίντων
438 3463 505 3526 τών
527 3453 628 3544 ἡμεῖς
651 3459 763 3545 ἴδμεν,
786 3453 899 3525 αιίτών
921 3486 957 3525 τε
986 3461 1121 3543 Ταραν-

58 3569 156 3633 τίνων
197 3568 251 3632 καί
284 3562 474 3655 Ῥηγίνων,
512 3574 548 3633 οἳ
581 3561 650 3634 ιίτιιί
691 3562 856 3634 Μικύθου
892 3569 953 3633 τοῦ
986 3567 1127 3650 ,Χοίρου

59 3665 323 3760 ιίναγνοζόμινοι
367 3675 435 3740 τῶν
478 3668 591 3742 οἷστων
634 3677 688 3740 καί
733 3667 938 3759 αἰνιττόμενοι
981 3678 1121 3759 τιμωροὶ

64 3781 299 3866 Ταραντίνοισι
323 3775 505 3848 deterreor
526 3783 699 3868 τρισχίλιοι
723 3780 823 3849 οὕτω.
851 3776 965 3848 ου’των
989 3783 1023 3846 δὲ
1051 3784 1122 3846 Τα-

61 3889 222 3972 ραντίνων
245 3881 306 3952 ονίι
330 3890 416 3974 ἐνῆν
438 3882 600 3974 ἀριθμός.
646 3889 680 3954 Si
699 3909 770 3955 vera
784 3890 851 3956 haeo
865 3891 947 3956 esset
961 3890 1121 3969 scriptura,

61 3994 280 4078 significaretur
301 3997 421 4076 partem
444 3995 557 4061 civium
580 3996 791 4080 Rheginorum
805 3996 934 4063 inritam
950 4013 968 4058 a
983 3992 1125 4076 Mioytho

60 4100 230 4166 Tarentinis
251 4101 364 4166 auritio
387 4103 523 4169 missam.
553 4101 613 4167 Sed
628 4120 725 4184 neque
741 4102 772 4166 id
789 4122 848 4168 uno
865 4101 957 4167 verbo
972 4093 1125 4186 α’ναγκιι·
