2728 4582
393 189 532 250 Ciceronis
552 193 585 249 de
604 198 712 248 oratore
730 192 776 247 lib.
797 193 817 246 l.
1054 192 1093 254 87

91 391 304 458 oratoribus
334 438 423 469 ...,
456 390 515 457 sic
548 390 586 455 in
618 390 757 456 nostra
789 388 964 455 civitate
997 391 1137 456 eontra

93 496 348 580 amplissimus
385 496 558 581 quisque
597 497 636 562 et
672 493 929 562 clarissimus
972 495 1049 574 vir,
1093 498 1136 561 ut

92 601 165 680 illc,
199 603 263 687 qui
296 605 462 686 propter
490 604 593 670 hano
625 603 728 669 iuris
750 601 893 667 civilis
915 600 1134 667 scientiam

90 707 138 773 sio
174 709 407 793 appellatus
444 730 462 775 a
499 728 640 775 summo
675 712 796 792 poeta
839 707 916 772 est:
960 709 1134 793 Egregie

87 816 259 882 cordatus
292 817 418 895 homo,
450 821 563 882 catus
594 815 707 881 AEliu'
741 815 900 888 Sextus,
933 817 1134 900 multique

89 926 279 1002 praeterea,
312 922 395 1005 qui,
429 941 513 987 oum
538 921 705 1007 ingenio
737 920 819 986 sibi
840 920 1135 989 auctoritatem

87 1029 330 1110 peperissent
350 1028 408 1105 (sic
424 1030 506 1094 recte
525 1029 588 1094 iam
610 1028 665 1094 alii
686 1047 740 1111 pro
762 1047 808 1105 eo,
830 1028 912 1112 quod
934 1027 964 1093 iu
980 1029 1134 1096 codicibus

88 1136 132 1212 est,
153 1133 227 1199 sibi
261 1136 427 1201 auctore
460 1135 706 1219 dignitatem
729 1134 1016 1218 peperissent),
1049 1154 1133 1218 per-

87 1240 271 1326 lecerunt,
304 1242 345 1306 ut
377 1242 415 1306 iu
448 1242 730 1322 respondendo
759 1240 848 1306 iure
877 1241 1132 1308 auctoritate

84 1347 158 1428 plus
178 1349 299 1413 etiam
321 1366 435 1431 qnam
457 1347 545 1429 ipso
568 1347 737 1432 ingenio
760 1347 954 1413 valerent.
1012 1349 1046 1413 Si
1068 1349 1133 1415 haeo

83 1454 153 1518 reete
180 1455 293 1535 scripta
325 1458 407 1532 sunt,
441 1454 611 1520 necessario
644 1456 716 1536 post
744 1455 801 1519 illa
833 1455 891 1520 sio
922 1455 960 1518 iu
994 1456 1134 1521 nostra

84 1558 243 1624 ciuitate
275 1561 418 1625 contra
451 1561 732 1642 amplissimus
766 1561 942 1644 quisque
975 1562 1014 1626 et
1046 1562 1132 1628 cla·

83 1665 256 1732 rissimus
299 1668 359 1732 vir
402 1665 527 1732 auditur
570 1687 605 1732 er
640 1669 739 1751 priore
775 1668 1009 1750 comparationis
1046 1672 1132 1752 parte

83 1773 275 1839 ministros
309 1792 349 1838 se
382 1769 565 1855 praebent
601 1775 638 1838 in
671 1772 844 1838 iudiciis
877 1775 1130 1855 oratoribus,

81 1880 210 1958 quoniam
225 1880 411 1962 comparatio
427 1878 586 1944 terminari
602 1879 694 1945 debet
709 1883 780 1944 ante
795 1879 874 1945 illud
895 1881 971 1964 qui,
990 1902 1131 1951 oum-.

28 2020 41 2062 w·
83 1983 182 2050 Verum
213 1986 272 2051 hoe
304 1987 453 2068 quantum
487 1987 525 2051 ab
559 1985 711 2051 sententia
742 2005 835 2070 reque
863 1987 932 2069 ipsa
959 1989 1131 2068 abhorreat,

83 2089 146 2155 nihil
169 2111 242 2175 opus
265 2095 313 2158 est
334 2091 406 2174 dici,
429 2091 574 2175 quoniam
596 2093 645 2158 vel
669 2111 763 2157 uuum
785 2093 964 2158 adverbium
988 2099 1132 2162 contra

82 2197 216 2278 declarat,
251 2202 425 2281 contempto
458 2198 719 2281 pragmaticorum
750 2199 925 2264 Graecorum
959 2200 1132 2268 ministerio

26 2371 27 2398 ἶ
79 2306 254 2371 contrarium
276 2305 347 2389 poni
363 2305 587 2387 amplissimum
603 2304 679 2370 iuris
696 2303 904 2370 consultorum
924 2305 1132 2372 Romanorum

26 2403 27 2414 ‘
80 2427 177 2476 munus
198 2414 231 2477 et
251 2431 404 2477 summam
435 2411 631 2495 dignitatem,
664 2409 743 2474 nibil
764 2410 936 2476 oratoribus
959 2412 1129 2480 cedentem.

25 2597 26 2602 ἵ
80 2513 268 2584 Manifestum
301 2522 349 2585 est
382 2519 426 2585 sie
459 2519 524 2583 haec
546 2517 750 2583 continuanda
773 2536 848 2594 esse,
870 2519 1052 2600 interposita
1072 2520 1131 2603 ipsi

80 2625 226 2691 sententiae
241 2626 449 2708 exemplorum
464 2624 636 2689 mentione:
660 2622 717 2688 sic
738 2622 776 2688 iu
799 2627 938 2689 nostra
960 2625 1131 2692 civitate

78 2733 206 2796 contra
227 2732 512 2813 amplissimus
534 2728 701 2813 quisque
723 2731 761 2794 et
782 2731 1041 2798 clarissimus
1064 2733 1131 2817 vir,

80 2836 203 2902 utille
226 2883 450 2904 ........
473 2835 678 2930 multique
707 2839 918 2919 praeterea,
951 2857 1036 2904 oum
1069 2838 1131 2904 iu·

80 2943 184 3020 genio
206 2945 289 3009 sibi
319 2943 613 3010 auctoritatem
642 2944 919 3024 peperissent.
948 2945 1131 3026 perfece-

22 3131 23 3134 ,
79 3041 175 3127 runt,
205 3050 312 3116 utin
342 3050 624 3133 respondendo
653 3050 739 3113 iure
762 3051 1018 3115 auctoritate
1040 3053 1130 3135 plus

22 3175 23 3183 ¹
77 3153 186 3220 etiam
221 3175 337 3239 quom
368 3156 457 3240 ipso
490 3157 652 3240 ingenio
689 3156 888 3222 valerent.
948 3157 1015 3220 lam
1047 3160 1130 3224 recto

21 3259 22 3264 ’
76 3262 250 3343 comparatio
273 3261 429 3344 perficitur
451 3263 483 3326 et
503 3262 535 3327 in
558 3263 808 3328 auctoritate
831 3261 1130 3329 iurisconsultorum

20 3407 22 3442 l

20 3455 22 3504 l

20 3633 22 3659 p

77 3362 272 3433 Romanorum
294 3370 486 3434 terminatur.
541 3370 649 3453 Itaque
671 3374 725 3435 aut
746 3386 869 3451 prorsus
892 3368 1061 3434 tollendum
1084 3371 1131 3435 est

21 3513 22 3536 l
77 3487 229 3550 pronomen
252 3475 412 3558 quiante
443 3494 526 3540 eum
561 3479 719 3559 tamquam
752 3494 844 3559 prave
877 3474 1027 3550 additum,
1061 3495 1131 3542 cum

78 3580 250 3646 constructio
272 3601 333 3647 uon
355 3581 589 3666 intelligeretur,
613 3588 666 3648 aut
687 3582 790 3664 potius
805 3581 1016 3648 scribendum:
1039 3582 1130 3648 mul-

77 3685 176 3770 tique
220 3689 415 3772 praeterea
457 3687 549 3762 alii,
593 3708 685 3754 oum.
746 3687 836 3754 Nunc
875 3689 998 3754 demum
1037 3688 1131 3754 etium

77 3791 177 3858 elarius
199 3795 393 3876 perspicitur,
417 3813 508 3876 quam
530 3796 703 3862 necessaria
731 3795 790 3877 ipsi
819 3793 1041 3877 comparationi
1062 3814 1131 3878 gra-

75 3895 150 3965 datio
187 3900 241 3966 illa
283 3899 340 3965 sit:
385 3920 470 3966 oum
513 3902 677 3986 ingenio
720 3902 802 3967 sibi
842 3902 1132 3967 auctoritatem
