2740 4572
526 243 648 298 Tacitus.
1018 241 1079 307 235

148 437 234 505 lbid.
258 439 297 502 56
321 440 365 516 (ἰιι
392 439 525 506 Neronis
552 439 593 506 ad
621 439 769 506 Senecam
799 439 969 517 or·atione):
1003 439 1121 519 Quin,

35 547 77 610 si
106 564 189 629 qua
219 543 258 609 in
286 547 400 629 parta
429 545 630 612 lubricum
657 545 952 612 adolescentiae
973 546 1120 612 nostrae

37 650 253 730 declinat,
284 669 448 718 revocas
482 654 748 734 ornatumque
779 652 901 717 robur
934 651 1120 718 subsidio

36 757 279 840 impensius
301 758 436 839 ragis?
478 757 589 842 Neque
618 758 657 823 ab
683 757 773 824 initio
794 757 886 823 robur
908 760 1041 832 ornatur,
1065 757 1118 822 sod

36 864 179 948 fingitur
213 866 245 927 et
276 863 492 936 conformatur,
526 882 624 948 nequo
656 863 784 930 ornandi
805 862 923 930 roboris
945 882 1024 930 curae
1046 881 1119 928 con·

37 970 191 1035 tinuatur
210 969 276 1033 aius
296 970 424 1053 regendi
446 969 590 1048 officium,
621 969 676 1034 sad
706 970 838 1054 graviori
860 968 981 1034 muneri
1002 968 1118 1034 roboris

34 1076 143 1159 ipsius
169 1073 323 1140 afficiendi
347 1081 378 1139 et
400 1075 617 1142 constituendi.
653 1073 770 1158 Opinor
784 1075 928 1142 Tacitum
942 1073 1118 1157 scripsisse:

35 1181 300 1262 formatumque
323 1181 441 1246 robur
462 1181 648 1247 subsidio
670 1181 894 1265 impensius
917 1181 1036 1265 regis.

147 1285 357 1364 loturus:
380 1286 468 1365 Qua
490 1287 790 1354 ubicorbuloni
812 1290 938 1354 certis
961 1286 1123 1354 nuntiis

35 1392 196 1458 audita
219 1397 328 1470 sunt,
345 1393 528 1477 legiones
550 1393 963 1460 duascumVerulano
979 1393 1117 1460 Severo

35 1505 81 1566 ot
122 1497 267 1564 Vettio
304 1499 455 1564 Bolano
491 1499 717 1566 subsidium
754 1499 922 1584 Tigrani
965 1499 1116 1572 mittit.

37 1605 213 1671 occulto
258 1605 472 1687 praecepto,
516 1607 786 1689 compositius
823 1610 968 1673 cuncta
1005 1624 1118 1689 quam

39 1709 327 1778 festinantius
362 1714 548 1794 agarent;
591 1711 737 1796 quippo
780 1714 932 1779 ballum
968 1712 1117 1778 habero

39 1836 162 1901 quam
183 1834 324 1900 gerare
346 1815 533 1882 malebat.
586 1817 694 1902 Neque
718 1821 818 1904 turpe.
841 1821 922 1903 quod
943 1818 993 1884 his
1014 1817 1117 1884 verbis

38 1926 72 1988 iu
97 1921 307 1989 Corbulonem
330 1923 492 2002 confertur,
522 1925 637 1989 crimen
667 1925 742 1991 belli
771 1945 834 1991 suaa
857 1926 1004 1991 utilitatis
1026 1942 1118 1990 causa

38 2028 192 2096 trahendi
224 2030 288 2093 ulla
321 2048 358 2095 ar
391 2033 478 2112 parte
511 2049 581 2096 oum
613 2031 731 2115 reliqua
763 2032 863 2097 Taciti
886 2031 925 2096 do
947 2031 1117 2096 Corbulone

40 2135 223 2201 narratione
254 2136 286 2200 at
314 2135 429 2201 iudicio
458 2137 619 2214 consentit,
648 2156 746 2220 nequa
776 2155 812 2202 aa
833 2138 965 2219 suspicio
988 2155 1024 2199 ex
1044 2154 1115 2218 pru·

40 2242 135 2308 danti
157 2240 247 2307 ducis
269 2241 467 2324 compositius
489 2261 580 2326 quam
610 2242 809 2308 festinantius
830 2241 942 2324 agendi
964 2240 1115 2323 praecepto

42 2349 119 2413 oriri
153 2333 299 2430 potarat
318 2366 416 2431 usqua
448 2347 511 2413 ullo
544 2348 635 2414 modo
669 2349 713 2414 sio
746 2349 806 2414 dici
839 2347 978 2413 absoluto
1014 2345 1117 2428 potest

40 2456 194 2519 habere
217 2452 500 2538 bellumproao,
523 2455 606 2539 quod
625 2457 673 2520 ast
694 2454 839 2520 ducere
861 2457 915 2519 aut
938 2451 1112 2529 trahere,

40 2563 100 2624 aut
135 2559 322 2625 contrarium
357 2560 429 2642 poni
462 2560 631 2644 gerendi
664 2562 773 2638 verbm
808 2579 877 2625 nam
912 2558 966 2644 qui
997 2557 1112 2632 ballum

44 2668 139 2750 gerit,
160 2665 296 2748 profecto
318 2685 439 2748 semper
462 2666 565 2731 lrabst.
609 2666 782 2749 Scripserat
803 2667 946 2733 Tacitus:
969 2663 1114 2731 bellum

44 2790 165 2860 cavera
188 2791 301 2857 quam
323 2790 463 2854 gerere
484 2773 714 2852 malobat.*)

147 3041 242 3096 nescio
263 3059 317 3110 quo
336 3043 390 3097 alio
408 3042 560 3113 proposito,
580 3042 628 3096 sed
646 3044 698 3099 hoc
717 3043 779 3108 dici,
799 3043 900 3097 nullam
918 3045 943 3097 ei
958 3044 1116 3099 ulteriorem

149 3149 240 3189 rerum
259 3135 439 3204 gerendarum
457 3135 615 3190 facrrltatem
634 3136 795 3206 permissam
818 3134 948 3203 brevique
972 3144 1035 3205 post
1053 3153 1115 3205 pro-

149 3227 269 3282 vinciam
288 3229 367 3282 alteri
386 3230 494 3284 tradere
512 3231 615 3282 iussum
633 3244 664 3282 eo
677 3233 820 3296 praetexto,
840 3227 913 3294 quod
932 3228 1032 3282 bellum
1052 3246 1068 3283 a
1087 3247 1117 3284 sa

150 3319 303 3375 coniectum
331 3322 432 3376 iniuria
460 3322 594 3391 gloriatus
622 3327 702 3376 esset.
749 3317 803 3373 Sed
828 3319 901 3386 quod
921 3319 1043 3374 Faernus
1062 3320 1116 3375 de-

151 3419 258 3468 motus
285 3432 335 3482 pro
364 3415 521 3471 detentus
548 3413 631 3468 scribi
657 3411 752 3478 voluit,
780 3410 889 3466 facilius
912 3411 1029 3466 addetur
1046 3429 1116 3481 praa-

150 3506 266 3575 positio:
286 3507 512 3575 detentusque
532 3511 618 3572 <a>
638 3507 737 3560 rebus
755 3521 780 3573 g.

100 3598 128 3663 *p
149 3600 222 3666 (1.5,
250 3601 298 3654 ubi
324 3617 469 3670 perversus
496 3600 545 3654 ille
576 3598 700 3668 gerundii
727 3597 870 3667 genetivus
898 3613 948 3667 pro
980 3598 1115 3654 infinitivo

151 3709 246 3748 rursus
264 3693 368 3748 frustra
387 3692 551 3760 defenditur,
577 3710 632 3747 non
651 3691 797 3746 studium
818 3688 970 3744 addendum
990 3697 1040 3757 est,
1060 3691 1117 3757 sed,

149 3784 225 3853 quod
251 3785 333 3860 facile
361 3793 425 3855 post
452 3793 548 3840 vetus
576 3785 702 3840 excidere
729 3789 849 3853 poterat,
878 3782 978 3837 votum.
1025 3784 1053 3837 G.
1083 3783 1117 3836 13

149 3877 260 3934 omissae
288 3869 363 3933 vo'ois
392 3879 554 3933 necessariae
582 3891 666 3932 causa
684 3875 840 3946 apparebit,
875 3876 898 3930 si
918 3877 1117 3946 scripserimus:

150 3971 425 4039 Numantinaeque
445 3970 577 4041 <poois3
596 3974 737 4038 neque>
765 3968 901 4024 eandem
926 3977 977 4024 cet.
1015 3967 1117 4022 Oculus

154 4063 261 4138 librarii
280 4064 416 4119 aberravit
443 4079 460 4117 a
485 4079 602 4140 uaeque
627 4063 662 4116 ad
689 4077 803 4129 neque.
838 4062 942 4116 Animis
959 4062 1118 4130 ignavorum
