<?xml version="1.0" encoding="UTF-8"?>
<!DOCTYPE html PUBLIC "-//W3C//DTD XHTML 1.0 Transitional//EN"
    "http://www.w3.org/TR/xhtml1/DTD/xhtml1-transitional.dtd">
<html xmlns="http://www.w3.org/1999/xhtml" xml:lang="en" lang="en">
 <head>
  <title>
</title>
<meta http-equiv="Content-Type" content="text/html;charset=utf-8" />
  <meta name='ocr-system' content='tesseract 3.04.00' />
  <meta name='ocr-capabilities' content='ocr_page ocr_carea ocr_par ocr_line ocrx_word'/>
</head>
<body>
  <div class='ocr_page' id='page_1' title='image "./adversariacriti01madvgoog_0286.png"; bbox 0 0 2740 4572; ppageno 0'>
   <div class='ocr_carea' id='block_1_1' title="bbox 10 75 24 256">
    <p class='ocr_par' dir='ltr' id='par_1_1' title="bbox 10 75 24 816">
     <span class='ocr_line' id='line_1_1' title="bbox 10 75 24 256; baseline 0 560"><span class='ocrx_word' id='word_1_1' title='bbox 10 75 24 256; x_wconf 75' lang='lat'>&#39;</span> 
     </span>
    </p>
   </div>
   <div class='ocr_carea' id='block_1_2' title="bbox 506 223 781 283">
    <p class='ocr_par' dir='ltr' id='par_1_2' title="bbox 506 223 781 283">
     <span class='ocr_line' id='line_1_2' title="bbox 506 223 781 283; baseline 0.019 -5"><span class='ocrx_word' id='word_1_2' title='bbox 506 224 594 280; x_wconf 85' lang='lat' dir='ltr'><strong>Iulius</strong></span> <span class='ocrx_word' id='word_1_3' title='bbox 614 223 781 283; x_wconf 81' lang='lat' dir='ltr'><strong>Rufinianus.</strong></span> 
     </span>
    </p>
   </div>
   <div class='ocr_carea' id='block_1_3' title="bbox 480 422 803 643">
    <p class='ocr_par' dir='ltr' id='par_1_3' title="bbox 480 422 803 643">
     <span class='ocr_line' id='line_1_3' title="bbox 480 422 803 491; baseline -0.003 0"><span class='ocrx_word' id='word_1_4' title='bbox 480 422 583 491; x_wconf 89' lang='lat' dir='ltr'><strong>Iulius</strong></span> <span class='ocrx_word' id='word_1_5' title='bbox 604 423 803 491; x_wconf 84' lang='lat' dir='ltr'><strong>Rufinianus.</strong></span> 
     </span>
     <span class='ocr_line' id='line_1_4' title="bbox 590 567 691 643; baseline 0.01 -17"><span class='ocrx_word' id='word_1_6' title='bbox 590 567 691 643; x_wconf 86' lang='lat' dir='ltr'><strong>(ibid.)</strong></span> 
     </span>
    </p>
   </div>
   <div class='ocr_carea' id='block_1_4' title="bbox 104 686 1175 1223">
    <p class='ocr_par' dir='ltr' id='par_1_4' title="bbox 106 686 1175 1223">
     <span class='ocr_line' id='line_1_5' title="bbox 264 686 1175 815; baseline 0.001 -18.076"><span class='ocrx_word' id='word_1_7' title='bbox 264 733 357 811; x_wconf 74' lang='lat' dir='ltr'><strong>aun</strong></span> <span class='ocrx_word' id='word_1_8' title='bbox 314 732 529 815; x_wconf 86' lang='lat' dir='ltr'><strong>(exemplo</strong></span> <span class='ocrx_word' id='word_1_9' title='bbox 562 731 788 809; x_wconf 53' lang='lat' dir='ltr'><strong>Ciceronianou</strong></span> <span class='ocrx_word' id='word_1_10' title='bbox 822 733 895 798; x_wconf 86' lang='lat' dir='ltr'><strong>Pet</strong></span> <span class='ocrx_word' id='word_1_11' title='bbox 880 686 1058 799; x_wconf 68' lang='lat' dir='ltr'><strong>tristius</strong></span> <span class='ocrx_word' id='word_1_12' title='bbox 1091 752 1175 799; x_wconf 90' lang='lat' dir='ltr'><strong>een-</strong></span> 
     </span>
     <span class='ocr_line' id='line_1_6' title="bbox 105 837 1174 924; baseline 0.002 -22.046"><span class='ocrx_word' id='word_1_13' title='bbox 105 837 408 904; x_wconf 87' lang='lat' dir='ltr'><strong>tumeliosiusf</strong></span> <span class='ocrx_word' id='word_1_14' title='bbox 412 857 542 917; x_wconf 75' lang='lat' dir='ltr'><strong>nuere,</strong></span> <span class='ocrx_word' id='word_1_15' title='bbox 558 839 593 904; x_wconf 91' lang='lat' dir='ltr'><strong>si</strong></span> <span class='ocrx_word' id='word_1_16' title='bbox 615 838 695 904; x_wconf 89' lang='lat' dir='ltr'><strong>tibi</strong></span> <span class='ocrx_word' id='word_1_17' title='bbox 717 838 995 905; x_wconf 85' lang='lat' dir='ltr'><strong>hoeParmene</strong></span> <span class='ocrx_word' id='word_1_18' title='bbox 1018 839 1174 924; x_wconf 76' lang='lat' dir='ltr'>alloqui</span> 
     </span>
     <span class='ocr_line' id='line_1_7' title="bbox 107 944 1174 1026; baseline 0.003 -19"><span class='ocrx_word' id='word_1_19' title='bbox 107 963 151 1009; x_wconf 86' lang='lat' dir='ltr'><strong>ae</strong></span> <span class='ocrx_word' id='word_1_20' title='bbox 173 961 245 1008; x_wconf 89' lang='lat' dir='ltr'><strong>non</strong></span> <span class='ocrx_word' id='word_1_21' title='bbox 275 944 361 1026; x_wconf 87' lang='lat' dir='ltr'><strong>ipse</strong></span> <span class='ocrx_word' id='word_1_22' title='bbox 386 945 577 1010; x_wconf 84' lang='lat' dir='ltr'>Parmeno</span> <span class='ocrx_word' id='word_1_23' title='bbox 606 945 866 1011; x_wconf 81' lang='lat' dir='ltr'><strong>nuntiasset?</strong></span> <span class='ocrx_word' id='word_1_24' title='bbox 896 945 1111 1012; x_wconf 73' lang='lat' dir='ltr'><strong>scribendum.</strong></span> <span class='ocrx_word' id='word_1_25' title='bbox 1141 947 1174 1010; x_wconf 91' lang='lat' dir='ltr'><strong>si</strong></span> 
     </span>
     <span class='ocr_line' id='line_1_8' title="bbox 104 1049 1173 1136; baseline 0.002 -22.038"><span class='ocrx_word' id='word_1_26' title='bbox 104 1049 182 1115; x_wconf 88' lang='lat' dir='ltr'><strong>tibi</strong></span> <span class='ocrx_word' id='word_1_27' title='bbox 213 1052 284 1117; x_wconf 85' lang='lat' dir='ltr'><strong>hoe</strong></span> <span class='ocrx_word' id='word_1_28' title='bbox 305 1053 408 1134; x_wconf 88' lang='lat' dir='ltr'><strong>&lt;a&gt;</strong></span> <span class='ocrx_word' id='word_1_29' title='bbox 432 1051 628 1118; x_wconf 79' lang='lat' dir='ltr'><strong>Parmenone</strong></span> <span class='ocrx_word' id='word_1_30' title='bbox 658 1050 775 1136; x_wconf 85' lang='lat' dir='ltr'><strong>aliquis</strong></span> <span class='ocrx_word' id='word_1_31' title='bbox 804 1071 846 1117; x_wconf 82' lang='lat' dir='ltr'><strong>ue</strong></span> <span class='ocrx_word' id='word_1_32' title='bbox 873 1071 947 1117; x_wconf 89' lang='lat' dir='ltr'><strong>nen</strong></span> <span class='ocrx_word' id='word_1_33' title='bbox 968 1053 1055 1134; x_wconf 86' lang='lat' dir='ltr'><strong>ipse</strong></span> <span class='ocrx_word' id='word_1_34' title='bbox 1080 1053 1173 1117; x_wconf 88' lang='lat' dir='ltr'><strong>Par-</strong></span> 
     </span>
     <span class='ocr_line' id='line_1_9' title="bbox 106 1160 483 1223; baseline -0.008 -2"><span class='ocrx_word' id='word_1_35' title='bbox 106 1176 217 1223; x_wconf 90' lang='lat' dir='ltr'><strong>mene</strong></span> <span class='ocrx_word' id='word_1_36' title='bbox 240 1160 483 1223; x_wconf 80' lang='lat' dir='ltr'><strong>nuntiasset.</strong></span> 
     </span>
    </p>
   </div>
   <div class='ocr_carea' id='block_1_5' title="bbox 205 1263 1311 1345">
    <p class='ocr_par' dir='ltr' id='par_1_5' title="bbox 205 1263 1311 1345">
     <span class='ocr_line' id='line_1_10' title="bbox 205 1263 1311 1345; baseline 0.007 -21"><span class='ocrx_word' id='word_1_37' title='bbox 205 1267 225 1343; x_wconf 65' lang='grc' dir='ltr'>ξ</span> <span class='ocrx_word' id='word_1_38' title='bbox 261 1265 300 1326; x_wconf 83' lang='grc'><strong>10</strong></span> <span class='ocrx_word' id='word_1_39' title='bbox 333 1264 377 1341; x_wconf 88' lang='grc' dir='ltr'>(ιιι</span> <span class='ocrx_word' id='word_1_40' title='bbox 411 1265 547 1345; x_wconf 84' lang='lat' dir='ltr'><strong>exemplo</strong></span> <span class='ocrx_word' id='word_1_41' title='bbox 577 1263 733 1342; x_wconf 72' lang='lat' dir='ltr'><strong>antonin:</strong></span> <span class='ocrx_word' id='word_1_42' title='bbox 768 1264 808 1330; x_wconf 83' lang='lat' dir='ltr'><strong>si</strong></span> <span class='ocrx_word' id='word_1_43' title='bbox 841 1283 909 1331; x_wconf 88' lang='lat' dir='ltr'><strong>vos</strong></span> <span class='ocrx_word' id='word_1_44' title='bbox 943 1266 979 1331; x_wconf 91' lang='lat' dir='ltr'><strong>in</strong></span> <span class='ocrx_word' id='word_1_45' title='bbox 1015 1284 1057 1330; x_wconf 89' lang='lat' dir='ltr'><strong>ee</strong></span> <span class='ocrx_word' id='word_1_46' title='bbox 1089 1265 1172 1333; x_wconf 86' lang='lat' dir='ltr'><strong>leue</strong></span> <span class='ocrx_word' id='word_1_47' title='bbox 1309 1309 1311 1314; x_wconf 67' lang='lat'>,</span> 
     </span>
    </p>
   </div>
   <div class='ocr_carea' id='block_1_6' title="bbox 103 1358 1173 1452">
    <p class='ocr_par' dir='ltr' id='par_1_6' title="bbox 10 1358 1173 1452">
     <span class='ocr_line' id='line_1_11' title="bbox 103 1358 1173 1452; baseline 0.006 -21.44"><span class='ocrx_word' id='word_1_48' title='bbox 103 1368 271 1447; x_wconf 82' lang='lat' dir='ltr'><strong>essetis,</strong></span> <span class='ocrx_word' id='word_1_49' title='bbox 295 1370 388 1452; x_wconf 87' lang='lat' dir='ltr'><strong>quid</strong></span> <span class='ocrx_word' id='word_1_50' title='bbox 412 1368 526 1435; x_wconf 88' lang='lat' dir='ltr'><strong>alind</strong></span> <span class='ocrx_word' id='word_1_51' title='bbox 548 1370 770 1435; x_wconf 78' lang='lat' dir='ltr'><strong>faceretis?</strong></span> <span class='ocrx_word' id='word_1_52' title='bbox 803 1371 1021 1437; x_wconf 78' lang='lat' dir='ltr'><strong>scribendum:</strong></span> <span class='ocrx_word' id='word_1_53' title='bbox 1044 1358 1173 1438; x_wconf 75' lang='lat' dir='ltr'><strong>Siros</strong></span> 
     </span>
    </p>
   </div>
   <div class='ocr_carea' id='block_1_7' title="bbox 103 1475 1170 1771">
    <p class='ocr_par' dir='ltr' id='par_1_7' title="bbox 103 1475 1170 1771">
     <span class='ocr_line' id='line_1_12' title="bbox 103 1475 1168 1560; baseline 0.001 -20"><span class='ocrx_word' id='word_1_54' title='bbox 103 1491 173 1541; x_wconf 85' lang='lat' dir='ltr'><strong>mee</strong></span> <span class='ocrx_word' id='word_1_55' title='bbox 210 1475 295 1541; x_wconf 89' lang='lat' dir='ltr'><strong>loee</strong></span> <span class='ocrx_word' id='word_1_56' title='bbox 332 1476 499 1554; x_wconf 82' lang='lat' dir='ltr'><strong>essetis,</strong></span> <span class='ocrx_word' id='word_1_57' title='bbox 542 1476 636 1560; x_wconf 90' lang='lat' dir='ltr'><strong>quid</strong></span> <span class='ocrx_word' id='word_1_58' title='bbox 678 1475 787 1541; x_wconf 86' lang='lat' dir='ltr'><strong>aliud</strong></span> <span class='ocrx_word' id='word_1_59' title='bbox 828 1479 1047 1544; x_wconf 80' lang='lat' dir='ltr'><strong>faceretis?</strong></span> <span class='ocrx_word' id='word_1_60' title='bbox 1110 1477 1168 1556; x_wconf 83' lang='lat' dir='ltr'><strong>(Of.</strong></span> 
     </span>
     <span class='ocr_line' id='line_1_13' title="bbox 104 1580 1170 1665; baseline 0.002 -21"><span class='ocrx_word' id='word_1_61' title='bbox 104 1581 250 1646; x_wconf 84' lang='lat' dir='ltr'><strong>mendum</strong></span> <span class='ocrx_word' id='word_1_62' title='bbox 286 1583 359 1647; x_wconf 90' lang='lat' dir='ltr'><strong>elim</strong></span> <span class='ocrx_word' id='word_1_63' title='bbox 391 1583 562 1648; x_wconf 80' lang='lat' dir='ltr'><strong>correctum</strong></span> <span class='ocrx_word' id='word_1_64' title='bbox 596 1580 677 1664; x_wconf 81' lang='lat' dir='ltr'><strong>apud</strong></span> <span class='ocrx_word' id='word_1_65' title='bbox 710 1581 771 1650; x_wconf 79' lang='lat' dir='ltr'><strong>Cic.</strong></span> <span class='ocrx_word' id='word_1_66' title='bbox 806 1602 859 1665; x_wconf 90' lang='lat' dir='ltr'><strong>pre</strong></span> <span class='ocrx_word' id='word_1_67' title='bbox 890 1585 979 1649; x_wconf 84' lang='lat' dir='ltr'><strong>Rosa.</strong></span> <span class='ocrx_word' id='word_1_68' title='bbox 1011 1585 1082 1648; x_wconf 85' lang='lat' dir='ltr'><strong>Am.</strong></span> <span class='ocrx_word' id='word_1_69' title='bbox 1107 1585 1170 1661; x_wconf 79' lang='lat'><strong>73.)</strong></span> 
     </span>
     <span class='ocr_line' id='line_1_14' title="bbox 103 1686 1170 1771; baseline 0.001 -21"><span class='ocrx_word' id='word_1_70' title='bbox 103 1686 270 1767; x_wconf 76' lang='lat' dir='ltr'><strong>[correctio</strong></span> <span class='ocrx_word' id='word_1_71' title='bbox 288 1687 459 1753; x_wconf 87' lang='lat' dir='ltr'><strong>adhibenda</strong></span> <span class='ocrx_word' id='word_1_72' title='bbox 474 1687 574 1754; x_wconf 87' lang='lat' dir='ltr'><strong>fuerat</strong></span> <span class='ocrx_word' id='word_1_73' title='bbox 589 1688 651 1753; x_wconf 87' lang='lat' dir='ltr'><strong>iam</strong></span> <span class='ocrx_word' id='word_1_74' title='bbox 668 1687 750 1770; x_wconf 85' lang='lat' dir='ltr'><strong>apud</strong></span> <span class='ocrx_word' id='word_1_75' title='bbox 767 1688 988 1768; x_wconf 79' lang='lat' dir='ltr'><strong>Quintilianum</strong></span> <span class='ocrx_word' id='word_1_76' title='bbox 999 1689 1053 1768; x_wconf 77' lang='lat' dir='ltr'><strong>IX,</strong></span> <span class='ocrx_word' id='word_1_77' title='bbox 1067 1689 1096 1766; x_wconf 78' lang='lat'><strong>2,</strong></span> <span class='ocrx_word' id='word_1_78' title='bbox 1110 1691 1170 1771; x_wconf 69' lang='lat' dir='ltr'><strong>it]</strong></span> 
     </span>
    </p>
   </div>
   <div class='ocr_carea' id='block_1_8' title="bbox 574 1937 696 2004">
    <p class='ocr_par' dir='ltr' id='par_1_8' title="bbox 574 1937 696 2004">
     <span class='ocr_line' id='line_1_15' title="bbox 574 1937 696 2004; baseline 0.016 -2"><span class='ocrx_word' id='word_1_79' title='bbox 574 1937 696 2004; x_wconf 81' lang='lat' dir='ltr'><strong>Festus.</strong></span> 
     </span>
    </p>
   </div>
   <div class='ocr_carea' id='block_1_9' title="bbox 98 2085 1171 2506">
    <p class='ocr_par' dir='ltr' id='par_1_9' title="bbox 98 2085 1171 2506">
     <span class='ocr_line' id='line_1_16' title="bbox 203 2085 1171 2190; baseline 0 -20"><span class='ocrx_word' id='word_1_80' title='bbox 203 2105 237 2170; x_wconf 90' lang='grc' dir='ltr'><strong>Ρ.</strong></span> <span class='ocrx_word' id='word_1_81' title='bbox 253 2107 311 2170; x_wconf 77' lang='lat'><strong>129</strong></span> <span class='ocrx_word' id='word_1_82' title='bbox 324 2106 439 2184; x_wconf 80' lang='lat' dir='ltr'><strong>(Muli.)</strong></span> <span class='ocrx_word' id='word_1_83' title='bbox 453 2128 479 2170; x_wconf 91' lang='lat' dir='ltr'><strong>v.</strong></span> <span class='ocrx_word' id='word_1_84' title='bbox 494 2085 705 2170; x_wconf 88' lang='lat' dir='ltr'><strong>manubiae:</strong></span> <span class='ocrx_word' id='word_1_85' title='bbox 721 2105 884 2181; x_wconf 80' lang='lat' dir='ltr'><strong>Alienae,</strong></span> <span class='ocrx_word' id='word_1_86' title='bbox 901 2126 981 2190; x_wconf 88' lang='lat' dir='ltr'><strong>quae</strong></span> <span class='ocrx_word' id='word_1_87' title='bbox 997 2106 1171 2170; x_wconf 88' lang='lat' dir='ltr'><strong>maiores</strong></span> 
     </span>
     <span class='ocr_line' id='line_1_17' title="bbox 99 2211 1169 2296; baseline 0 -20"><span class='ocrx_word' id='word_1_88' title='bbox 99 2211 185 2276; x_wconf 87' lang='lat' dir='ltr'><strong>sint</strong></span> <span class='ocrx_word' id='word_1_89' title='bbox 215 2230 258 2275; x_wconf 85' lang='lat' dir='ltr'><strong>ae</strong></span> <span class='ocrx_word' id='word_1_90' title='bbox 279 2213 446 2277; x_wconf 87' lang='lat' dir='ltr'><strong>veniant</strong></span> <span class='ocrx_word' id='word_1_91' title='bbox 467 2232 551 2278; x_wconf 87' lang='lat' dir='ltr'><strong>eum</strong></span> <span class='ocrx_word' id='word_1_92' title='bbox 573 2211 734 2296; x_wconf 84' lang='lat' dir='ltr'><strong>fragore</strong></span> <span class='ocrx_word' id='word_1_93' title='bbox 757 2211 1070 2295; x_wconf 75' lang='lat' dir='ltr'><strong>discutiantque</strong></span> <span class='ocrx_word' id='word_1_94' title='bbox 1099 2216 1169 2276; x_wconf 87' lang='lat' dir='ltr'><strong>aut</strong></span> 
     </span>
     <span class='ocr_line' id='line_1_18' title="bbox 98 2316 1168 2402; baseline 0.001 -22"><span class='ocrx_word' id='word_1_95' title='bbox 98 2316 320 2395; x_wconf 81' lang='lat' dir='ltr'><strong>divellant,</strong></span> <span class='ocrx_word' id='word_1_96' title='bbox 356 2339 436 2402; x_wconf 90' lang='lat' dir='ltr'><strong>quae</strong></span> <span class='ocrx_word' id='word_1_97' title='bbox 469 2339 487 2384; x_wconf 84' lang='lat' dir='ltr'><strong>a</strong></span> <span class='ocrx_word' id='word_1_98' title='bbox 517 2319 612 2384; x_wconf 86' lang='lat' dir='ltr'><strong>leve</strong></span> <span class='ocrx_word' id='word_1_99' title='bbox 642 2318 726 2382; x_wconf 87' lang='lat' dir='ltr'><strong>sint</strong></span> <span class='ocrx_word' id='word_1_100' title='bbox 748 2321 786 2382; x_wconf 91' lang='lat' dir='ltr'><strong>et</strong></span> <span class='ocrx_word' id='word_1_101' title='bbox 807 2318 983 2382; x_wconf 79' lang='lat' dir='ltr'><strong>consilio</strong></span> <span class='ocrx_word' id='word_1_102' title='bbox 1007 2317 1168 2382; x_wconf 86' lang='lat' dir='ltr'><strong>deorum</strong></span> 
     </span>
     <span class='ocr_line' id='line_1_19' title="bbox 98 2423 1168 2506; baseline 0.003 -19"><span class='ocrx_word' id='word_1_103' title='bbox 98 2423 211 2488; x_wconf 88' lang='lat' dir='ltr'><strong>mitti</strong></span> <span class='ocrx_word' id='word_1_104' title='bbox 234 2424 529 2490; x_wconf 81' lang='lat' dir='ltr'><strong>existimentur.</strong></span> <span class='ocrx_word' id='word_1_105' title='bbox 567 2424 793 2489; x_wconf 61' lang='lat' dir='ltr'><strong>Enitendum:</strong></span> <span class='ocrx_word' id='word_1_106' title='bbox 824 2442 905 2506; x_wconf 88' lang='lat' dir='ltr'><strong>quae</strong></span> <span class='ocrx_word' id='word_1_107' title='bbox 935 2443 954 2488; x_wconf 88' lang='lat' dir='ltr'><strong>a</strong></span> <span class='ocrx_word' id='word_1_108' title='bbox 985 2425 1076 2489; x_wconf 86' lang='lat' dir='ltr'><strong>leve</strong></span> <span class='ocrx_word' id='word_1_109' title='bbox 1099 2425 1168 2490; x_wconf 88' lang='lat' dir='ltr'><strong>siue</strong></span> 
     </span>
    </p>
   </div>
   <div class='ocr_carea' id='block_1_10' title="bbox 10 2528 1239 2828">
    <p class='ocr_par' dir='ltr' id='par_1_10' title="bbox 10 2528 1239 2828">
     <span class='ocr_line' id='line_1_20' title="bbox 10 2528 1165 2620; baseline 0 -26"><span class='ocrx_word' id='word_1_110' title='bbox 10 2587 12 2620; x_wconf 60' lang='lat'><strong>.</strong></span> <span class='ocrx_word' id='word_1_111' title='bbox 97 2528 275 2594; x_wconf 82' lang='lat' dir='ltr'><strong>consilio</strong></span> <span class='ocrx_word' id='word_1_112' title='bbox 298 2529 458 2595; x_wconf 85' lang='lat' dir='ltr'><strong>deorum</strong></span> <span class='ocrx_word' id='word_1_113' title='bbox 482 2529 591 2597; x_wconf 91' lang='lat' dir='ltr'><strong>mitti</strong></span> <span class='ocrx_word' id='word_1_114' title='bbox 616 2529 913 2595; x_wconf 79' lang='lat' dir='ltr'><strong>existimentur.</strong></span> <span class='ocrx_word' id='word_1_115' title='bbox 937 2529 1055 2595; x_wconf 87' lang='lat' dir='ltr'><strong>ibidem</strong></span> <span class='ocrx_word' id='word_1_116' title='bbox 1073 2529 1165 2610; x_wconf 89' lang='lat' dir='ltr'><strong>paule</strong></span> 
     </span>
     <span class='ocr_line' id='line_1_21' title="bbox 10 2629 1239 2719; baseline 0 -21"><span class='ocrx_word' id='word_1_117' title='bbox 10 2629 11 2656; x_wconf 66' lang='lat'>¹</span> <span class='ocrx_word' id='word_1_118' title='bbox 97 2631 300 2719; x_wconf 79' lang='lat' dir='ltr'><strong>pest2&#39;quae</strong></span> <span class='ocrx_word' id='word_1_119' title='bbox 333 2639 484 2700; x_wconf 87' lang='lat' dir='ltr'><strong>statum</strong></span> <span class='ocrx_word' id='word_1_120' title='bbox 513 2638 669 2702; x_wconf 87' lang='lat' dir='ltr'><strong>mutent</strong></span> <span class='ocrx_word' id='word_1_121' title='bbox 702 2635 863 2701; x_wconf 85' lang='lat' dir='ltr'><strong>deorum</strong></span> <span class='ocrx_word' id='word_1_122' title='bbox 890 2635 1065 2702; x_wconf 80' lang='lat' dir='ltr'><strong>oonsilio</strong></span> <span class='ocrx_word' id='word_1_123' title='bbox 1099 2654 1161 2699; x_wconf 91' lang='lat' dir='ltr'><strong>su·</strong></span> <span class='ocrx_word' id='word_1_124' title='bbox 1235 2647 1239 2652; x_wconf 83' lang='grc'><em>·</em></span> 
     </span>
     <span class='ocr_line' id='line_1_22' title="bbox 10 2739 1162 2828; baseline 0.001 -25"><span class='ocrx_word' id='word_1_125' title='bbox 10 2780 19 2822; x_wconf 64' lang='grc'><strong>,</strong></span> <span class='ocrx_word' id='word_1_126' title='bbox 98 2739 307 2822; x_wconf 82' lang='lat' dir='ltr'><strong>pariorum.</strong></span> <span class='ocrx_word' id='word_1_127' title='bbox 358 2741 577 2808; x_wconf 83' lang='lat' dir='ltr'><strong>Scribeudum:</strong></span> <span class='ocrx_word' id='word_1_128' title='bbox 611 2759 690 2828; x_wconf 87' lang='lat' dir='ltr'><strong>quas</strong></span> <span class='ocrx_word' id='word_1_129' title='bbox 722 2741 823 2809; x_wconf 86' lang='lat' dir='ltr'><strong>statui</strong></span> <span class='ocrx_word' id='word_1_130' title='bbox 851 2743 970 2826; x_wconf 79' lang='lat' dir='ltr'><strong>putent</strong></span> <span class='ocrx_word' id='word_1_131' title='bbox 1002 2741 1162 2820; x_wconf 84' lang='lat' dir='ltr'><strong>deornm</strong></span> 
     </span>
    </p>
   </div>
   <div class='ocr_carea' id='block_1_11' title="bbox 96 2846 1166 3561">
    <p class='ocr_par' dir='ltr' id='par_1_11' title="bbox 96 2846 1166 3019">
     <span class='ocr_line' id='line_1_23' title="bbox 97 2846 1166 2930; baseline 0 -19"><span class='ocrx_word' id='word_1_132' title='bbox 97 2846 273 2912; x_wconf 83' lang='lat' dir='ltr'><strong>consilio</strong></span> <span class='ocrx_word' id='word_1_133' title='bbox 306 2849 568 2930; x_wconf 86' lang='lat' dir='ltr'><strong>superiorum.</strong></span> <span class='ocrx_word' id='word_1_134' title='bbox 620 2849 666 2913; x_wconf 89' lang='lat' dir='ltr'><strong>De</strong></span> <span class='ocrx_word' id='word_1_135' title='bbox 688 2850 832 2930; x_wconf 91' lang='lat' dir='ltr'><strong>putent</strong></span> <span class='ocrx_word' id='word_1_136' title='bbox 854 2849 893 2913; x_wconf 88' lang='lat' dir='ltr'><strong>ef.</strong></span> <span class='ocrx_word' id='word_1_137' title='bbox 916 2849 1054 2930; x_wconf 88' lang='lat' dir='ltr'><strong>superius</strong></span> <span class='ocrx_word' id='word_1_138' title='bbox 1076 2846 1166 2912; x_wconf 82' lang='lat' dir='ltr'><strong>eni-</strong></span> 
     </span>
     <span class='ocr_line' id='line_1_24' title="bbox 96 2954 326 3019; baseline 0 -2"><span class='ocrx_word' id='word_1_139' title='bbox 96 2954 326 3019; x_wconf 87' lang='lat' dir='ltr'><strong>stimentur.</strong></span> 
     </span>
    </p>

    <p class='ocr_par' dir='ltr' id='par_1_12' title="bbox 97 3059 1164 3561">
     <span class='ocr_line' id='line_1_25' title="bbox 199 3059 1163 3143; baseline 0.006 -19"><span class='ocrx_word' id='word_1_140' title='bbox 199 3060 233 3124; x_wconf 90' lang='lat' dir='ltr'><strong>P.</strong></span> <span class='ocrx_word' id='word_1_141' title='bbox 262 3061 336 3124; x_wconf 84' lang='lat'>134:</span> <span class='ocrx_word' id='word_1_142' title='bbox 369 3061 512 3126; x_wconf 88' lang='lat' dir='ltr'><strong>Maeson</strong></span> <span class='ocrx_word' id='word_1_143' title='bbox 540 3078 712 3142; x_wconf 85' lang='lat' dir='ltr'><strong>persona</strong></span> <span class='ocrx_word' id='word_1_144' title='bbox 742 3059 892 3126; x_wconf 85' lang='lat' dir='ltr'><strong>eemiea</strong></span> <span class='ocrx_word' id='word_1_145' title='bbox 913 3061 1163 3143; x_wconf 71' lang='lat' dir='ltr'><strong>appellatur,</strong></span> 
     </span>
     <span class='ocr_line' id='line_1_26' title="bbox 97 3165 1164 3250; baseline -0.002 -20"><span class='ocrx_word' id='word_1_146' title='bbox 97 3169 167 3230; x_wconf 82' lang='lat' dir='ltr'><strong>aut</strong></span> <span class='ocrx_word' id='word_1_147' title='bbox 203 3168 316 3250; x_wconf 82' lang='lat' dir='ltr'><strong>sequi</strong></span> <span class='ocrx_word' id='word_1_148' title='bbox 357 3168 425 3232; x_wconf 87' lang='lat' dir='ltr'><strong>aut</strong></span> <span class='ocrx_word' id='word_1_149' title='bbox 461 3170 588 3232; x_wconf 76' lang='lat' dir='ltr'><strong>nautae</strong></span> <span class='ocrx_word' id='word_1_150' title='bbox 627 3166 694 3230; x_wconf 85' lang='lat' dir='ltr'><strong>aut</strong></span> <span class='ocrx_word' id='word_1_151' title='bbox 731 3165 816 3230; x_wconf 87' lang='lat' dir='ltr'><strong>eius</strong></span> <span class='ocrx_word' id='word_1_152' title='bbox 852 3165 1024 3247; x_wconf 83' lang='lat' dir='ltr'><strong>generis.</strong></span> <span class='ocrx_word' id='word_1_153' title='bbox 1080 3166 1164 3228; x_wconf 87' lang='lat' dir='ltr'><strong>Diei</strong></span> 
     </span>
     <span class='ocr_line' id='line_1_27' title="bbox 97 3267 1163 3346; baseline -0.004 -10"><span class='ocrx_word' id='word_1_154' title='bbox 97 3273 144 3338; x_wconf 84' lang='lat' dir='ltr'><strong>ab</strong></span> <span class='ocrx_word' id='word_1_155' title='bbox 166 3271 380 3337; x_wconf 86' lang='lat' dir='ltr'><strong>inventore</strong></span> <span class='ocrx_word' id='word_1_156' title='bbox 403 3273 488 3337; x_wconf 86' lang='lat' dir='ltr'><strong>eius</strong></span> <span class='ocrx_word' id='word_1_157' title='bbox 512 3271 681 3336; x_wconf 87' lang='lat' dir='ltr'><strong>Maesene</strong></span> <span class='ocrx_word' id='word_1_158' title='bbox 704 3269 891 3346; x_wconf 76' lang='lat' dir='ltr'><strong>comendo,</strong></span> <span class='ocrx_word' id='word_1_159' title='bbox 927 3270 970 3332; x_wconf 91' lang='lat' dir='ltr'><strong>ut</strong></span> <span class='ocrx_word' id='word_1_160' title='bbox 993 3267 1050 3332; x_wconf 84' lang='lat' dir='ltr'><strong>ait</strong></span> <span class='ocrx_word' id='word_1_161' title='bbox 1073 3269 1163 3333; x_wconf 89' lang='lat' dir='ltr'><strong>Ari-</strong></span> 
     </span>
     <span class='ocr_line' id='line_1_28' title="bbox 99 3375 1164 3460; baseline -0.004 -18"><span class='ocrx_word' id='word_1_162' title='bbox 99 3378 319 3460; x_wconf 86' lang='lat' dir='ltr'><strong>stophanes</strong></span> <span class='ocrx_word' id='word_1_163' title='bbox 344 3375 648 3443; x_wconf 76' lang='lat' dir='ltr'><strong>Grammaticus.</strong></span> <span class='ocrx_word' id='word_1_164' title='bbox 683 3376 901 3440; x_wconf 83' lang='lat' dir='ltr'><strong>Scribendum:</strong></span> <span class='ocrx_word' id='word_1_165' title='bbox 926 3410 963 3422; x_wconf 51' lang='grc' dir='ltr'><strong>-ι</strong></span> <span class='ocrx_word' id='word_1_166' title='bbox 987 3375 1073 3438; x_wconf 91' lang='lat' dir='ltr'><strong>eius</strong></span> <span class='ocrx_word' id='word_1_167' title='bbox 1095 3395 1164 3460; x_wconf 88' lang='lat' dir='ltr'><strong>ge-</strong></span> 
     </span>
     <span class='ocr_line' id='line_1_29' title="bbox 98 3483 718 3561; baseline -0.005 -13"><span class='ocrx_word' id='word_1_168' title='bbox 98 3485 224 3561; x_wconf 81' lang='lat' dir='ltr'><strong>neris,</strong></span> <span class='ocrx_word' id='word_1_169' title='bbox 247 3484 335 3550; x_wconf 78' lang='lat' dir='ltr'><strong>dieta</strong></span> <span class='ocrx_word' id='word_1_170' title='bbox 358 3484 403 3548; x_wconf 86' lang='lat' dir='ltr'><strong>ab</strong></span> <span class='ocrx_word' id='word_1_171' title='bbox 425 3483 637 3548; x_wconf 83' lang='lat' dir='ltr'><strong>inventore</strong></span> <span class='ocrx_word' id='word_1_172' title='bbox 660 3483 718 3547; x_wconf 84' lang='lat' dir='ltr'><strong>eet.</strong></span> 
     </span>
    </p>
   </div>
   <div class='ocr_carea' id='block_1_12' title="bbox 0 0 1374 4572">
    <p class='ocr_par' dir='ltr' id='par_1_13' title="bbox 0 0 1374 4572">
     <span class='ocr_line' id='line_1_30' title="bbox 0 0 1374 4572; baseline 0 1"><span class='ocrx_word' id='word_1_173' title='bbox 0 0 1374 4572; x_wconf 95' lang='lat' dir='ltr'><strong> </strong></span> 
     </span>
    </p>
   </div>
  </div>
 </body>
</html>
