2740 4572
288 239 401 305 m·
645 239 915 314 mmmm

346 439 427 505 Ibid.
450 439 497 518 18,
520 440 554 504 5:
577 439 771 506 Maximus
793 443 925 507 autem
1029 439 1068 504 in
1091 459 1132 505 re
1152 435 1317 523 publica
1353 477 1356 518 3

246 545 372 610 nodus
407 549 468 611 est
500 545 637 628 inopia
665 547 725 611 rei
753 545 1016 628 pecuniariae3
1039 544 1318 612 obdurescunt
1355 587 1356 624 3

247 650 350 716 enim
373 652 498 735 magis
520 652 705 735 quotidie
728 651 821 718 boni
843 650 1318 726 ririadrocemtributi,
1355 709 1356 712 ,

247 758 348 840 quod
381 775 424 821 ex
456 758 679 824 centesima
712 758 906 824 collatum
934 758 1165 841 impudenti
1188 776 1319 822 ,censu
1355 815 1356 822 ,

246 865 517 946 locupletium
543 863 582 929 in
605 864 769 929 duarum
792 863 1195 948 legionumpraemiis
1212 881 1319 928 omne
1355 907 1356 954 3

246 971 505 1035 eonsumitur.
554 969 622 1035 Non
645 971 683 1035 ad
705 971 795 1035 unius
817 971 895 1036 certi
917 970 1038 1046 tributi,
1062 970 1235 1053 quodiam
1258 968 1319 1034 col·

247 1076 345 1141 latum
376 1077 443 1140 erat
471 1079 502 1140 et
531 1077 780 1151 consumebatur,
803 1095 913 1142 ¹vocem
933 1077 1196 1142 obsurdeseobaat
1220 1091 1319 1150 aures,

246 1182 311 1260 sed,
335 1182 417 1265 quod
439 1201 475 1246 ex
495 1180 562 1263 ipso
585 1182 667 1248 vocis
690 1182 814 1247 nomine
828 1181 968 1266 intelligi
990 1178 1106 1264 potest·
1129 1182 1260 1247 omnino
1282 1178 1320 1244 ad

245 1287 354 1352 tributi
387 1287 585 1353 mentionem.
619 1287 750 1371 ltaque
783 1290 853 1371 post
884 1288 1035 1367 tributi
1069 1289 1166 1354 oratio
1195 1287 1318 1370 plenius

245 1393 489 1476 interpungenda
519 1397 581 1471 est;
610 1397 680 1459 tum
709 1394 875 1477 separatim
903 1393 1068 1471 indicatur,
1100 1395 1176 1478 qnid
1197 1395 1317 1472 laetum

245 1500 289 1565 sit
309 1501 438 1581 pecunia
460 1500 611 1583 singulari
634 1501 725 1566 modo
747 1489 876 1567 collata:
900 1501 1001 1584 qnod
1024 1519 1066 1566 ex
1089 1499 1318 1565 centesima

246 1605 440 1671 collatum
454 1607 641 1687 <st>...,
663 1607 702 1671 in
726 1607 887 1672 duarum
911 1601 1115 1690 legionum
1137 1606 1318 1690 praemiis

246 1730 355 1775 omne
390 1713 650 1776 consumitur.
702 1711 784 1793 Quid
812 1715 843 1779 in
865 1713 967 1779 verbis
990 1711 1184 1794 interpositis
1206 1713 1316 1788 lateat,

246 1815 371 1882 difficile
404 1821 451 1880 est
484 1817 584 1896 diotu;
620 1839 691 1884 nam
720 1820 884 1901 impudens
914 1837 1023 1884 census
1052 1816 1103 1882 viu
1128 1817 1190 1883 diei
1212 1819 1317 1901 potest

245 1941 301 2004 pro
323 1922 530 1988 aestimatione
552 1925 725 2007 impudenti
747 1927 948 2005 fortunarum,
971 1943 1031 2007 qua
1049 1924 1222 2007 locupletes
1247 1943 1316 1991 cen-

244 2027 388 2092 tesimam
411 2028 499 2094 illam
519 2030 752 2107 imminuerint;
782 2043 896 2106 vereor,
919 2051 957 2095 ne
979 2047 1138 2097 consensu
1164 2031 1315 2114 scriptum

149 2139 151 2144 ’
245 2134 348 2214 fucrit,
370 2153 568 2219 quamquam,
591 2156 645 2203 cur
663 2139 689 2201 is
711 2139 875 2220 impudens
897 2138 1026 2214 dicatur,
1049 2155 1109 2202 uon
1132 2137 1286 2221 intelligo.

348 2241 426 2306 lbid.
446 2243 485 2321 ΙΙ,
513 2243 540 2320 1,
562 2244 597 2306 3:
625 2262 667 2308 ex
690 2263 745 2308 me
767 2246 901 2309 autem
922 2242 1027 2307 illud
1051 2243 1128 2319 est,
1152 2247 1258 2326 quod
1279 2243 1315 2305 te

246 2348 365 2413 velim
389 2348 536 2413 habere
559 2350 782 2432 cognitum,
811 2369 936 2414 meum
965 2348 1125 2433 quidem
1148 2350 1316 2438 animum

247 2455 285 2520 in
316 2455 401 2520 acie
435 2473 523 2521 esse
557 2475 682 2538 neque
710 2462 940 2540 respectum
970 2455 1099 2520 ullum
1120 2472 1313 2539 quaerere,

247 2564 327 2627 nisi
371 2580 427 2626 me
470 2561 640 2628 utilitas
676 2561 867 2628 civitatis
903 2563 1008 2627 forte
1052 2561 1314 2628 converterit.

247 2668 422 2733 Maiores
444 2669 575 2734 autem
597 2669 733 2751 partes
760 2670 883 2733 animi
905 2671 944 2733 te
965 2666 1231 2750 Cassiumque
1254 2685 1313 2731 re-

247 2773 439 2856 spiciunt.
494 2773 626 2851 Quantis
654 2772 837 2842 clamoribus
869 2775 907 2838 ab
935 2774 983 2853 iis,
1003 2774 1066 2858 qui
1088 2773 1144 2838 has
1166 2772 1313 2856 epistolas

248 2880 286 2944 ab
309 2879 451 2943 Cicerone
473 2876 694 2956 abiudicarunt,
729 2880 874 2962 exagitari
907 2878 1078 2944 debuerant
1107 2879 1154 2944 hae
1181 2881 1313 2944 maiores

247 2986 351 3067 partes
384 2983 482 3048 animi
514 2982 667 3048 Ciceronis
701 2983 834 3048 Brutum
865 2988 897 3050 et
923 2984 1063 3051 Cassium
1097 2985 1313 3067 respicientes!

247 3091 329 3156 Vera
350 3092 382 3155 et
403 3090 600 3156 Ciceroniana
621 3090 719 3155 oratio
742 3092 775 3156 et
796 3090 949 3156 sententia
968 3091 1115 3157 facillime
1133 3091 1313 3158 restituetur

246 3198 336 3263 unius
367 3196 514 3263 litterula
547 3196 728 3262 mutatione.
775 3197 880 3263 Cicero
913 3198 995 3262 enim
1022 3217 1041 3262 a
1067 3217 1122 3263 suo
1152 3200 1256 3264 animo
1283 3199 1311 3261 in

246 3305 310 3370 acie
343 3303 438 3370 stanti
470 3306 672 3385 separaverat
701 3307 870 3369 ceterorum
893 3308 925 3368 et
945 3301 1155 3369 multitudinis
1177 3303 1310 3369 animos:

248 3409 378 3477 llaicris
410 3411 543 3475 autem
574 3408 680 3495 partis
714 3408 838 3474 animi
872 3411 912 3474 te
948 3408 1215 3491 Cassiumque
1252 3427 1310 3472 re·

246 3517 437 3598 spiciunt.
1011 3519 1015 3526 '

347 3631 425 3696 Ibid.
442 3650 488 3714 ep.
505 3631 524 3694 3
540 3651 606 3716 sqq.
649 3632 686 3696 ln
708 3633 880 3716 fragmento
895 3632 1001 3699 'lacero
1024 3632 1146 3708 codicis,
1164 3649 1223 3715 qno
1238 3651 1308 3697 usus

247 3738 305 3814 est,
348 3736 401 3819 qui
437 3736 493 3802 has
533 3739 684 3804 extremas
726 3737 873 3821 epistolas
912 3739 944 3803 in
981 3737 1115 3804 editione
1151 3735 1307 3802 Cratandri

245 3843 394 3924 protraxit
430 3845 462 3907 et
497 3843 653 3928 vulgavit,
690 3845 875 3914 confusionis
912 3849 945 3910 et
975 3845 1171 3933 obscuritatis
1193 3843 1308 3927 aliquid

245 3948 314 4028 fuir,
359 3967 419 4034 qua
461 3946 603 4014 effectum
647 3951 704 4030 est,
735 3935 782 4015 ¹ut
824 3951 981 4034 particulae
1024 3951 1165 4034 quaedam
1197 3951 1306 4032 episto·

161 4094 164 4102 -
245 4055 347 4119 larum
383 4057 629 4136 permutarenlur
662 4056 694 4119 et
726 4057 827 4121 alieno
859 4057 924 4122 loco
949 4059 1176 4122 insererentur.
1233 4055 1306 4121 Cum
