2728 4582
260 287 300 350 54
620 289 681 342 nro.
706 288 726 342 1.
753 287 818 357 cap.
840 289 886 342 1v.

316 487 453 568 Apparet
485 483 595 565 primis
628 488 773 568 quattuor
806 485 944 550 uorsibus
980 484 1111 550 describi
1135 486 1167 549 et
1189 483 1284 567 signi-

217 591 304 657 ficari
334 591 438 656 niuem
471 610 506 654 ex
537 591 695 656 montibus
728 591 864 670 allatam,
899 591 939 656 ad
969 610 1062 674 quam
1089 591 1169 656 niuis
1191 590 1284 675 signi·

217 695 392 764 ficationem
418 697 450 761 in
477 697 583 780 quinto
610 715 702 762 versu
730 699 860 763 refertur
889 715 1055 780 pronomen
1085 698 1161 781 τῆςς
1191 693 1285 779 neque

84 807 86 812 '
218 802 301 869 enim
323 801 356 868 id
377 801 441 868 ullo
465 802 555 868 modo
576 823 646 898 cnm
669 823 714 883 eo,
738 804 820 887 quod
841 805 979 885 proxime
995 803 1148 886 praeoedit,
1166 803 1285 867 nomine

219 903 285 993 ζωή
318 908 463 993 coniungi
496 911 610 992 potest.
666 911 769 994 Atque
803 910 868 976 hoec
901 909 970 991 ipsa
999 910 1113 987 ,uitat
1147 913 1183 975 ut
1208 926 1287 974 nunc

220 1016 312 1082 verba
344 1014 527 1094 scribuntur,
564 1020 595 1080 et
630 1015 860 1097 perversissime
896 1018 1044 1101 Πιερίην
1080 1016 1146 1104 γῆν
1183 1015 1288 1080 induta

220 1121 334 1188 dicitnr
356 1125 387 1187 et
408 1122 530 1186 omnino
552 1121 736 1187 seutentiam
759 1123 916 1204 pervertit,
941 1142 1034 1207 quam
1057 1143 1118 1189 non
1139 1121 1286 1204 pertinere

220 1231 259 1294 ad
281 1229 437 1310 superiora
459 1225 497 1292 de
520 1226 643 1311 frigoris
673 1228 704 1293 ui
731 1230 861 1294 molesta
894 1231 1110 1308 continuanda,
1141 1230 1196 1296 sed
1218 1246 1288 1294 con·

221 1334 310 1400 trarii
342 1333 461 1417 aliquid
493 1335 647 1398 continere
681 1334 791 1401 debere
823 1337 976 1418 particula
1009 1329 1117 1417 τιν’τιίρ
1148 1334 1288 1401 ostendit.

223 1425 285 1506 Sed
317 1441 349 1504 id
381 1457 502 1514 nomen,
535 1460 595 1524 quo
628 1443 666 1506 ab
699 1441 788 1507 initio
821 1443 873 1506 nix
906 1443 1083 1526 significata
1117 1427 1190 1518 erat,
1214 1440 1288 1504 latet

222 1548 328 1630 aperte
360 1546 417 1611 sub
449 1544 563 1612 litteris
594 1547 636 1636 τῇ
670 1551 723 1633 ῥα,
764 1548 893 1630 fuitque,
929 1553 964 1613 ut
996 1549 1060 1614 iam
1094 1547 1289 1630 intelligitur,
1343 1606 1344 1613 ,

159 1689 166 1708 ι
223 1652 362 1717 feminini
397 1653 518 1736 generis
554 1671 790 1738 mensuramque
829 1654 938 1720 habuit
976 1655 1110 1720 trochaei.
1169 1653 1291 1718 Dixerat
1344 1679 1345 1738 ι

224 1757 415 1824 Simonides:

308 1880 428 1972 Κηροί
450 1883 527 1954 ποτ’
552 1884 757 1975 Οὐλύμποιο
782 1892 859 1976 περὶ
882 1887 1034 1976 πλεοροές
1056 1886 1226 1966 ἐκάλυψεν
1341 1883 1342 1914 ¹

215 1991 218 1995 ⁴
347 1987 435 2068 ω’κτίς
456 1990 526 2062 α’πό
551 1989 688 2086 Θρῄκης
711 1990 901 2083 ὀρνύμενος
922 2004 1059 2085 βορέης,

309 2093 443 2185 οἷνδρών
465 2096 665 2190 δὀἷχλαίνοιν
686 2106 784 2171 ε”δακε
805 2111 941 2190 φρένας,
964 2098 1073 2190 αιίτοίρ
1097 2099 1261 2187 ἐκάμφθη
1342 2162 1343 2183 ,

349 2211 430 2298 ζωῇ
453 2211 600 2299 Πιερίην
621 2215 687 2299 γῆν
710 2216 945 2298 ἐπιεσσαμένη.

312 2323 349 2383 ἕν
371 2342 422 2391 τις
445 2319 519 2403 ἐμοὶ
544 2321 599 2386 καί
623 2321 684 2406 τῆς
708 2346 735 2388 κ.
758 2345 788 2384 τ.
813 2323 842 2384 λ.
1343 2319 1344 2401 l

329 2445 441 2511 Niuem
457 2453 549 2529 poeta
564 2454 722 2533 tamquam
736 2449 861 2514 letalem
878 2450 1030 2533 quandam
1050 2448 1171 2528 pestem
1186 2443 1294 2528 Olym·
1343 2443 1345 2520 l,

230 2570 305 2634 pum
326 2553 495 2619 contexisse
525 2555 600 2620 dicit
630 2558 794 2639 omniaque
823 2556 935 2640 frigore
960 2553 1135 2636 impleuisse
1157 2549 1292 2623 molesto,
1344 2591 1345 2602 ι

232 2655 342 2724 deinde
364 2651 470 2724 tamen
490 2661 581 2724 terrae
604 2662 711 2726 Pieriae
731 2681 857 2726 amoenae
880 2667 912 2726 et
925 2661 1037 2744 tepidae
1052 2660 1195 2724 contactu
1210 2652 1294 2738 quasi

232 2761 305 2828 uitae
337 2764 470 2847 quadam
503 2766 737 2850 participatione
760 2766 929 2841 mollitam;
962 2767 1053 2831 huius
1075 2767 1137 2829 iam
1160 2760 1293 2827 iucunda
1346 2783 1347 2792 ¹

232 2868 313 2934 niuis
335 2868 394 2934 sibi
409 2873 528 2952 partem
544 2871 611 2937 dari
629 2873 704 2938 vult.
742 2874 880 2956 Apparet
895 2873 977 2938 recte
991 2871 1104 2937 habere
1123 2865 1294 2952 ἐκάμφθη,
1346 2899 1348 2936 ι

233 2991 370 3057 proquo
400 2977 554 3043 Porsonus
587 2980 749 3046 infeliciter
779 2974 924 3064 ὲθάφθη
953 2979 1048 3044 scribi
1069 2976 1177 3042 uoluit.
1230 2971 1293 3043 Non

233 3100 309 3165 opus
336 3101 402 3148 csse
432 3084 522 3150 credo
546 3087 694 3169 exemplis
715 3085 898 3163 confirmari,
921 3086 1027 3168 poetas
1050 3084 1172 3150 Grecos
1194 3080 1294 3150 eadem
1347 3067 1348 3110 Τ

233 3184 456 3270 significatione
486 3191 587 3259 dicere
613 3187 708 3280 χιόνα
739 3187 926 3260 καλύπτειν
955 3193 1033 3275 περὶ
1062 3185 1141 3274 ὅρος
1169 3187 1202 3253 et
1222 3181 1294 3269 ὅροι·
1347 3207 1348 3258 3

235 3286 422 3362 καλύπτειν
443 3292 539 3383 χιόνι.

336 3428 539 3525 Roscida
561 3442 734 3527 fragmento
750 3440 913 3508 Menandri
935 3457 971 3504 ex
993 3435 1167 3519 Trophonio
1190 3431 1295 3502 fabula

236 3541 290 3607 ubi
311 3561 425 3626 coquus
454 3549 577 3630 exponit
606 3551 783 3635 peregrinos
810 3547 1009 3629 hospitesque
1035 3543 1111 3610 alios
1134 3541 1204 3606 aliis
1225 3537 1296 3604 escis

238 3652 269 3714 et
289 3649 424 3731 piscihus
446 3652 594 3720 delectari
617 3657 776 3740 capique):

638 3767 841 3860 Ἀρκαδικιίς
866 3764 1069 3837 τούναντίον

322 3866 521 3951 α’θοίλαττος
543 3885 580 3945 ἐν
601 3896 673 3955 τοῖς
696 3882 872 3951 λοπαδίοις
895 3870 1077 3942 ἁλίσκεται.

338 4003 550 4091 ναρρατιονε
572 4010 760 4078 minusculas
782 4027 897 4091 coquus
919 4003 1090 4070 nominauit
1111 4003 1191 4066 inter
1209 4012 1296 4068 escas,

239 4108 295 4178 sed
316 4115 442 4193 ostreas,
466 4112 649 4184 λοπάδια
672 4122 872 4199 (quamquam
895 4109 1121 4177 deminutivum
1143 4105 1202 4171 lroo
1221 4100 1296 4185 legi·
