2740 4572
535 247 656 303 Tacitus.
1025 248 1084 312 231

52 441 82 506 in
117 443 255 526 utraque
293 443 409 508 femina
441 443 549 508 eodem
582 444 670 510 modo
703 444 910 529 (genitam)
942 445 1128 532 significato.

52 547 222 626 [Senserat
242 548 355 626 vitium
376 549 543 629 Ritterus.]

158 665 242 732 Ibid.
262 655 483 732 ltz'frnude
503 667 668 747 Acbari,
689 667 758 751 qui
778 667 962 734 iuvenem
990 668 1128 746 (Meher-

51 771 178 850 datem)
211 772 395 857 ignarum
429 773 469 838 et
500 790 689 840 summam
725 773 929 839 fortunam
960 774 1000 838 in
1033 774 1126 839 luxu

52 878 189 942 ratum
221 877 373 943 multos
402 895 471 960 per
498 877 585 944 dies
615 879 793 945 attinuit
814 879 916 962 apud
937 878 1126 963 oppidum

52 984 259 1050 Edessam.
308 985 378 1050 Non
405 985 613 1069 ignorantiam
642 984 765 1052 consilii
793 985 960 1070 significari
988 987 1124 1070 apparet,
1218 1019 1220 1024 ·

51 1089 203 1171 quoniam
232 1089 265 1155 id
293 1091 399 1174 aperte
421 1089 595 1157 Meherdnti
624 1092 730 1157 datum
760 1093 910 1169 narratur,
940 1090 995 1157 sed
1022 1092 1126 1173 ipsum

11 1211 12 1282 ᾗ
50 1195 228 1279 ingenium,
244 1215 303 1279 quo
318 1196 476 1280 pertinent
489 1197 584 1266 etiam
600 1197 694 1264 verba
706 1197 868 1264 adiuncta:
891 1198 930 1263 et
944 1213 1125 1263 summam

11 1339 12 1394 ,
50 1299 323 1367 fortunam'in
345 1301 441 1367 luxu
461 1306 601 1369 ratum.
640 1302 753 1369 Verum
775 1302 1124 1387 sichatineigunrus

10 1491 11 1502 ἶ
51 1409 199 1474 absolute
222 1409 259 1474 de
281 1409 403 1474 homine
424 1427 525 1475 rernm
548 1409 691 1494 imperito
710 1413 742 1475 et
757 1411 929 1476 communie
943 1408 1124 1474 eruditionis

10 1505 12 1620 ι
47 1515 175 1599 experti
215 1515 282 1598 (enta
312 1516 525 1582 uawmaendcr
555 1515 704 1598 meac)
744 1533 803 1581 non
837 1515 957 1582 dicitur.
1026 1516 1125 1582 Scribi
1230 1540 1233 1544 ·

10 1623 11 1626 ’
51 1622 164 1687 debet:
185 1621 369 1687 iuvenem
392 1621 547 1706 ignavum
576 1627 615 1687 et
643 1640 832 1687 summam
860 1622 1061 1688 fortunam
1083 1621 1123 1686 in

9 1781 10 1814 ,
52 1729 350 1805 lnxuratum.*)

9 1817 11 1844 '
159 1833 236 1899 ibid.
259 1833 345 1908 XIV,
376 1835 394 1895 7
428 1833 480 1911 (de
508 1833 640 1900 Neronis
668 1832 873 1916 trepidatione
902 1834 972 1916 poet
997 1833 1124 1900 insidias

8 1965 10 2018 i
55 1941 235 2024 Agrippinae
257 1941 372 2005 trustra
392 1941 558 2017 structns):
582 1940 674 2005 Tum
697 1958 842 2022 pavore
864 1939 1064 2006 exanimis
1085 1942 1124 2006 et

8 2033 10 2174 i
54 2045 304 2128 iamiamque
326 2045 450 2112 adfore
467 2045 698 2130 (Agrippinam)
714 2045 925 2111 obtestans
941 2044 1123 2112 vindicta

8 2177 9 2222 1
55 2169 281 2234 properam,
318 2152 403 2217 siue
435 2151 610 2218 seruitia
640 2154 816 2214 armaret
847 2150 911 2216 vel
945 2151 1122 2218 militem

56 2255 316 2336 accenderet,
352 2259 437 2324 sive
469 2258 515 2323 ad
548 2259 731 2323 senatum
759 2257 799 2321 et
820 2256 1010 2338 populum
1032 2275 1122 2340 per·

59 2364 241 2440 vaderet,
274 2363 531 2448 naufragium
564 2368 603 2428 et
635 2362 780 2428 vulnus
809 2363 848 2426 ct
875 2361 1125 2429 interiectos

7 2507 8 2510 =
55 2471 207 2536 amicos
229 2468 480 2549 obiiciendo,
496 2469 597 2554 quod
618 2471 757 2536 contra
778 2465 1004 2535 subsidium
1027 2466 1125 2534 sibi?

7 2597 9 2692 j
55 2575 145 2642 Nisi
183 2575 277 2658 quid
313 2577 460 2641 Burrus
493 2577 532 2641 et
564 2575 715 2642 Seneca
753 2593 993 2659 expergens,
1026 2593 1124 2657 quon

7 2697 9 2752 i
53 2682 200 2748 statim
217 2681 447 2760 acciverat,
475 2681 676 2748 incertum
706 2700 752 2748 en
773 2683 813 2746 et
833 2683 927 2746 ante
948 2683 1123 2765 ignaros.

56 2789 193 2873 Igitur
226 2789 386 2872 longum
417 2787 633 2872 utriusque
667 2787 897 2868 silentium,
929 2806 975 2853 ne
1006 2787 1123 2853 irriti

7 2901 8 2986 p
55 2893 364 2973 dissuaderent,
396 2914 442 2960 au
474 2913 516 2960 eo
546 2896 781 2962 descensum
803 2894 1040 2972 credebaut,
1061 2899 1120 2972 ut,

7 2989 8 3000 ¹
54 3000 1123 3086 nisipraevenireturAgrippinn,pereundumNeroni

112 3241 140 3308 *)
159 3241 187 3294 C.
207 3241 240 3294 37
261 3239 327 3308 quid
345 3242 483 3296 sententia
501 3241 663 3310 postularet,
681 3240 790 3309 Lipsius
802 3239 876 3306 vidit,
890 3238 939 3294 sed
951 3239 1123 3296 scribendum

155 3334 248 3403 potius
256 3335 428 3403 cunnRyckio
438 3334 568 3402 aliisque:
581 3331 646 3400 Non,
657 3333 752 3387 sivos
762 3332 914 3387 omnibus
926 3332 1124 3400 imperitare

156 3427 266 3495 vultis,
285 3428 440 3495 sequitur
455 3434 506 3482 cet.
523 3427 707 3496 (vulgouam‚
725 3425 934 3496 Lipsiusuum).
955 3425 983 3480 G.
993 3426 1036 3493 38,
1045 3427 1120 3494 quod

154 3535 211 3572 rem
221 3519 350 3587 continet,
360 3519 429 3586 vidit
439 3520 587 3576 Rhenanus
597 3519 783 3587 (occidione
799 3519 1057 3588 occubuissent),
1071 3519 1120 3575 sed

155 3627 188 3665 ex
198 3612 533 3682 copiarumiaciendum
543 3619 603 3668 erat
615 3614 719 3684 copiae
731 3610 815 3681 Rom,
833 3613 885 3667 hoc
896 3619 946 3681 est,
960 3613 1119 3681 Romanae,

153 3720 208 3758 non
236 3706 341 3774 copiae
374 3712 451 3774 tum,
478 3692 612 3777 particula
645 3707 741 3761 vitiose
772 3705 820 3760 illo
853 3705 914 3760 loco
939 3705 1118 3761 redundante.

153 3797 282 3851 Mendum
301 3798 372 3854 idem
390 3799 507 3853 vidimus
525 3799 571 3866 IV,
590 3799 625 3854 33
644 3800 763 3866 (rerum
780 3816 830 3870 pro
849 3815 883 3854 re
901 3797 1006 3869 Rom).
1035 3799 1063 3853 C.
1084 3798 1120 3852 48

154 3889 296 3960 adeptus
316 3899 464 3959 ortumest,
482 3891 761 3961 praecedentelittera
774 3909 798 3962 a,
815 3893 1026 3964 exdemptus,
1046 3889 1119 3960 quod

155 3999 247 4038 errore
275 3984 407 4054 scriptum
435 3991 495 4038 erat
521 4001 571 4055 pro
591 3982 714 4040 demotus
734 3985 928 4057 (Nipperdeius
946 3986 1118 4056 depulsus,

154 4077 291 4132 sententia
309 4075 422 4140 eadem).
