2728 4582
480 289 619 360 Euripidis
638 291 696 346 Ion.
1041 291 1077 352 ll)

136 489 182 574 Ac
194 487 329 568 primum
344 487 470 552 Porsoni
486 485 692 552 observationi
704 504 869 568 numquam
883 487 1005 552 tantum
1016 487 1127 569 tribul,

63 593 94 658 nt
112 593 140 656 in
162 611 198 658 ea
222 592 317 658 ullam
342 611 409 658 esso
432 612 556 659 oausam
586 593 725 674 putarem
758 611 863 657 versus
891 592 1069 672 contrarios,
1092 597 1119 659 si

64 697 131 762 nihil
151 698 236 763 aliud
258 702 339 764 esset
360 699 441 774 vitii,
474 699 626 776 mutandi,
660 717 730 764 curn
754 699 925 780 praesertim
954 699 1021 781 ipse
1044 700 1120 764 Por·

63 823 143 870 sonus
164 801 227 870 tres
249 803 409 887 Sophoclis
436 805 570 870 intactos
599 803 789 888 reliquissem
817 822 890 870 nam
920 822 1021 887 nequo
1042 805 1120 888 quid

62 910 96 975 ad
114 909 250 996 rhythmi
271 911 402 976 formam
434 911 557 976 molesti
580 910 708 976 baberet
728 909 784 974 illa
805 928 910 975 versus
933 911 1121 983 terminatio,

63 1034 145 1098 quam
166 1015 320 1082 Porsonus
354 1017 490 1082 studiose
523 1016 653 1082 vitatam
688 1016 787 1098 putat,
825 1016 970 1094 ostendit,
1008 1016 1126 1099 quidve

62 1121 206 1186 commodi
228 1123 338 1188 vitatio
361 1123 497 1194 haberet,
520 1123 611 1187 etad
635 1121 879 1188 observationem
902 1122 943 1187 ad
958 1124 1119 1187 materiam

60 1245 109 1308 per
128 1247 159 1293 se
182 1248 242 1293 non
266 1229 354 1295 valde
371 1229 504 1311 amplam
526 1228 731 1310 pertinentem
755 1226 994 1293 confirmandam
1012 1246 1125 1312 excep*

60 1333 186 1399 tionibus
217 1353 289 1400 usus
317 1338 364 1400 est
384 1329 470 1400 ¹satis
499 1334 685 1407 artificiosis,
707 1335 839 1400 maxime
868 1333 924 1399 illa
946 1334 983 1398 de
1005 1325 1120 1408 oo'delg

60 1440 87 1506 et
105 1440 224 1525 μηδείς
245 1459 305 1506 non
327 1441 359 1505 in
382 1459 475 1506 unam
501 1459 606 1507 vocem
630 1440 810 1514 conflandis,
831 1445 874 1524 ut,
897 1441 923 1505 si
946 1442 1122 1523 exemplum

20 1621 21 1628 χ
59 1548 137 1629 sequi
150 1548 272 1624 vellem,
289 1547 336 1612 uti
351 1565 471 1629 possem
488 1548 639 1613 scribendi
655 1546 805 1612 artificio:
822 1538 955 1613 νώνοιο’
971 1539 1125 1631 ον’ρανόν
1195 1572 1197 1586 ¹

60 1671 231 1736 negansque,
255 1653 335 1736 qnod
359 1655 482 1737 plenum
499 1654 582 1718 esset
597 1647 742 1726 νώτοισι,
757 1655 925 1736 spondeum
949 1671 1022 1720 voco
1044 1653 1119 1719 dua-

20 1797 21 1804 ι
59 1776 119 1822 rum
140 1759 330 1843 syllabarum
353 1759 442 1825 ellici.
487 1759 549 1824 Sed
570 1760 597 1824 si
620 1759 689 1842 quis
712 1761 835 1826 omnino
851 1762 976 1845 propter
990 1760 1122 1826 Perenni

59 1866 267 1930 auctoritatem
288 1866 394 1931 infelix
415 1865 492 1930 illud
515 1857 636 1940 νώιοις
657 1859 809 1951 ον’ρανόν
830 1867 907 1932 ferre
929 1886 991 1933 non
1013 1866 1118 1942 audeo,

59 1968 224 2036 adhibenda
255 1973 283 2036 ei
318 1974 366 2037 est
399 1971 489 2036 huius
523 1971 673 2052 simplicis
703 1973 773 2039 vitii
801 1973 933 2056 simplex
956 1973 1123 2048 medicina*

61 2092 142 2155 quam
154 2070 275 2144 lacilem
287 2078 394 2144 attulit
405 2078 582 2153 Elmsleius,
598 2079 651 2162 qui
662 2079 786 2164 scripsit
798 2077 920 2154 νώτοις
931 2081 1118 2166 palatorum

61 2173 209 2266 οὐρανόν,
229 2203 266 2249 ne
282 2182 434 2249 Badbami
457 2185 662 2250 coniecturam
684 2205 940 2252 commemorem:
963 2179 1122 2252 νώιοιοιν

59 2280 168 2356 πόλιν.
205 2292 334 2356 Prorsus
356 2294 472 2358 temere
494 2290 564 2357 binc
586 2291 718 2374 suspicio
741 2293 779 2356 ad
802 2292 973 2374 proximum
992 2309 1122 2356 uersum

313 2542 426 2610 Ἄτλας,
447 2543 462 2600 ὁ
481 2547 622 2615 χαλκέοισι
639 2546 751 2602 νώτοισι
769 2545 864 2616 φέρων

318 2641 393 2693 θεῶν
411 2637 539 2695 παλαιὸν.
552 2635 637 2709 οἶκον,
658 2639 688 2695 ἐκ
706 2643 791 2708 τριῶν
809 2643 874 2710 μιᾶς

319 2730 427 2802 ἀλόχων
446 2731 532 2802 ἔφυσε
551 2737 650 2787 Μαῖαν
666 2754 694 2790 ιιι.
713 2754 737 2791 τ.
759 2738 791 2803 t,

150 2839 181 2880 eo
193 2823 356 2903 “corrigendi
374 2841 484 2894 genere,
503 2842 556 2894 quo
577 2827 600 2880 si
618 2827 748 2882 utendum
761 2834 842 2888 esset,
860 2827 926 2881 olim
938 2825 996 2880 dixi
1010 2841 1122 2880 omnem·

149 2916 311 2972 emendandi
330 2923 457 2972 conatum
476 2919 568 2988 potius
588 2919 765 2976 omittendum
786 2936 856 2976 esse.
882 2919 915 2972 In
933 2919 1005 2974 idem
1024 2923 1116 2972 eutem

148 3011 292 3065 sententiae
318 3011 413 3064 vitium
442 2998 557 3080 uterque
584 3013 680 3068 incidit
698 3013 864 3068 Mercurium
892 3012 932 3066 sic
958 3011 1117 3079 loquentem

150 3103 291 3172 inducens,
319 3110 460 3172 tamquam
477 3106 586 3160 Atlanti
612 3122 709 3176 parum
735 3105 859 3177 prolifico
878 3103 967 3158 tribus
985 3103 1122 3157 uxoribus

148 3211 215 3265 opus
233 3195 325 3266 fuerit,
343 3203 374 3251 ut
393 3213 426 3252 ex
444 3214 500 3252 une
517 3198 620 3253 liberos
639 3200 778 3270 gigneret3
799 3198 865 3267 quid
877 3197 950 3252 enim
963 3196 997 3251 ad
1011 3196 1115 3250 Maiam

148 3289 262 3344 alterius
285 3295 312 3344 et
331 3291 421 3349 tertiae
440 3291 532 3346 uxoris
551 3291 712 3360 significatio
724 3292 863 3361 pertinet?
882 3289 1012 3346 Cumulua
1024 3295 1115 3343 autem

147 3382 335 3452 perversitatis
354 3383 382 3437 in
401 3400 433 3438 eo
453 3389 503 3452 est,
520 3385 601 3453 quod,
623 3401 684 3440 oum
705 3386 734 3438 in
751 3385 870 3452 antiquis
883 3381 1121 3438 fabulisrltlantis-

146 3480 253 3530 tantum
281 3480 309 3530 et
334 3475 453 3530 filiorum
480 3478 584 3532 mentio
612 3477 698 3546 fieret,
725 3477 818 3532 uxoris
842 3476 973 3532 memoria
999 3475 1121 3531 obscura

146 3575 219 3623 esset
247 3575 295 3622 aut
321 3569 405 3636 nulla,
432 3576 531 3638 postea
558 3576 648 3641 poetae
677 3577 704 3625 et
734 3569 912 3640 grammatici,
941 3569 987 3638 qui
1004 3568 1114 3624 fabulas

144 3662 396 3730 persequebantur,
429 3663 551 3718 diversas
574 3663 696 3719 Atlantis
730 3679 830 3718 uxores
858 3662 1008 3730 finxerunt,
1044 3662 1121 3717 alius·

145 3753 296 3824 Pleionam‚
315 3753 385 3808 alius
405 3755 554 3824 Steropam,
574 3757 645 3812 alius
665 3757 796 3826 AEthram,
820 3772 909 3824 nemo,
929 3755 1003 3824 quod
1022 3755 1120 3822 sciam.

147 3854 195 3902 aut
214 3847 283 3902 duas
303 3855 350 3903 aut
368 3853 424 3904 tres
444 3848 537 3917 simul;
560 3849 654 3917 itaque
673 3850 765 3919 exiis,
785 3850 832 3918 qui
849 3847 992 3919 Euripidis
1011 3854 1114 3916 tragoe·

86 3999 88 4008 ¹
148 3939 220 3994 diam
232 3941 313 4011 primi
332 3948 532 4011 spectaverunt,
551 3959 629 3998 nemo
648 3943 837 3998 intellecturus
856 3947 923 4009 erat,
943 3956 1003 4009 quae
1022 3947 1115 3996 essent

144 4033 200 4088 illae
228 4039 316 4103 τρεῖς,
346 4051 414 4103 quas
443 4034 601 4091 Dindorfius
630 4035 750 4104 induxit3
784 4034 984 4090 Herwcrdenus
1016 4033 1117 4089 saltem

144 4123 263 4198 ἀλόχους
283 4127 440 4196 appellavit.
