2740 4572
291 229 351 293 m
651 228 917 299 mmmm

248 425 422 509 exemplum
443 426 601 510 perspicue
629 427 693 492 erui
723 424 862 492 videtur:
896 445 971 510 quo
994 424 1128 493 Catulus
1148 441 1229 491 neus
1251 427 1345 490 est.

250 530 286 610 Q.
301 531 447 598 Catulum
468 532 590 616 patrem
612 534 721 599 notum
743 535 793 599 est
810 531 842 597 in
865 532 1001 600 caedibus
1017 531 1166 597 Marianis
1188 532 1346 597 mortem

249 637 309 704 sibi
331 639 514 706 conscivisse
540 638 691 705 insalubri
720 639 821 705 halitu
849 640 969 705 tectorii
993 638 1058 704 eius
1080 637 1141 704 loci
1161 655 1346 703 concame-

249 743 320 824 rati,
342 743 374 810 in
397 762 458 828 qno
479 763 512 810 se
533 744 713 812 inclusisset
734 745 828 824 (Veli.
851 744 893 824 ΙΙ,
916 744 1021 824 tw)

348 883 428 950 Ibid.
450 884 533 966 XVI,
558 886 608 965 11,
631 886 742 952 12De
772 885 887 952 Sicca
907 887 967 952 ita
989 887 1067 965 est,
1090 887 1133 951 nt
1153 883 1343 960 scribis;

250 991 339 1056 asta
361 1009 404 1056 ea
426 1010 527 1076 aegre
550 1010 607 1057 me
629 991 759 1068 tenui;
779 991 918 1075 itaque
939 990 1213 1075 perstringam
1237 992 1344 1057 sine

250 1096 335 1162 nlla
357 1097 606 1164 contumelia
629 1097 751 1164 Siccae
774 1099 843 1163 aut
865 1098 1077 1181 Septimiae
1099 1100 1156 1165 cet
1210 1097 1343 1164 Cuius-

250 1203 335 1269 modi
356 1219 405 1268 res
428 1203 629 1289 significetur,
652 1204 847 1287 perspicuum
869 1207 936 1281 est;
961 1222 1042 1288 aegre
1065 1205 1146 1271 enirn
1161 1204 1269 1270 Cicero
1297 1224 1343 1270 se

250 1307 326 1374 dicit
347 1309 378 1373 in
400 1328 492 1374 causa
513 1310 615 1394 aliqua
636 1311 756 1395 agenda
777 1309 965 1376 abstinuisse
987 1329 1006 1375 a
1028 1310 1187 1375 mentione
1201 1311 1343 1376 feminee

250 1434 357 1498 perum
386 1414 532 1495 honestae,
562 1417 665 1501 itaque
689 1418 733 1493 (in
756 1435 850 1483 cansa
872 1417 984 1482 iterum
1006 1416 1125 1501 agenda
1146 1417 1200 1482 aut
1221 1418 1342 1499 potius

250 1525 281 1587 in
304 1521 440 1588 credone
463 1523 681 1605 perscribenda
703 1524 735 1588 et
756 1523 887 1601 edenda)
911 1542 944 1589 se
966 1523 1078 1588 leviter
1094 1541 1160 1588 eam
1176 1525 1341 1605 perstric-

251 1635 365 1696 turum.
409 1629 454 1693 Ea
481 1630 596 1694 femina
625 1648 685 1712 quc
708 1630 830 1697 nomine
852 1629 954 1709 fuerit,
978 1647 1124 1713 apparere
1144 1627 1270 1694 videtur
1298 1649 1343 1695 ex

252 1742 297 1814 eo,
320 1735 401 1817 quod
435 1737 590 1817 sequitur,
627 1755 671 1801 ex
705 1735 818 1803 Galli
850 1735 970 1801 Fadii
1003 1735 1107 1802 filia.
1166 1734 1338 1819 Scriptum

250 1841 347 1924 igitur
368 1841 483 1906 iuerat:
506 1840 645 1909 allodia
666 1861 767 1926 aegre
789 1862 846 1908 me
867 1843 991 1907 tenui.
1022 1839 1086 1918 (Ad
1108 1839 1231 1908 litteras
1252 1861 1339 1924 pro-

251 1947 320 2031 pius
342 1948 409 2012 erat
430 1967 449 2012 a
473 1947 611 2026 Sitia.)
657 1949 699 2028 [A
721 1948 847 2042 Fadia
868 1948 931 2012 iam
952 1947 1147 2028 Lambinus]

351 2076 429 2144 ibid.
447 2077 495 2156 15,
512 2075 760 2142 iitdonsenti
781 2076 820 2141 in
842 2076 914 2142 hac
936 2095 1045 2156 cura,
1070 2076 1262 2157 abisam,
1290 2083 1338 2143 ut

252 2203 308 2250 me
330 2183 548 2267 expediam.
578 2182 796 2250 scribendum:
815 2182 973 2249 consenui
995 2184 1034 2249 in
1057 2183 1129 2250 hac
1150 2202 1245 2250 cura
1267 2188 1335 2250 cet.

253 2290 380 2357 Senium
400 2290 462 2356 eibi
484 2290 565 2356 hauc
586 2308 692 2355 curam
715 2288 858 2355 attulisse
880 2289 1037 2374 siguificat
1062 2309 1099 2356 ac
1121 2309 1214 2375 prope
1237 2311 1273 2356 se
1299 2293 1336 2356 in

251 2416 287 2464 ea
310 2398 536 2480 consumptum.

350 2597 484 2684 Epistol.
513 2598 556 2667 ad
588 2597 695 2674 oure.
724 2596 823 2663 fratr.
866 2598 891 2677 Ι,
923 2599 950 2677 1,
982 2598 1040 2662 11:
1062 2598 1195 2682 Atque
1216 2599 1335 2663 inter

250 2705 320 2771 hee
357 2705 405 2780 (Μ
437 2713 520 2784 nos)
553 2723 637 2782 eos,
678 2722 776 2787 quos
813 2701 892 2770 tibi
929 2690 1099 2769 comites
1135 2707 1173 2770 et
1208 2704 1332 2770 adin-

250 2815 359 2876 tores
396 2810 651 2894 negotiorum
688 2809 942 2890 publicorum
981 2809 1094 2875 dedit
1135 2809 1224 2893 ipsa
1261 2831 1332 2878 res

249 2915 493 2998 publicacet.
549 2913 615 2993 Quo
647 2914 778 2980 retertur
809 2914 917 2980 inter
949 2914 1043 2982 hos?
1097 2916 1253 2982 Nimirum
1288 2919 1332 2983 ad

249 3039 319 3099 eos,
356 3039 432 3104 quos
470 3021 608 3103 proxime
646 3022 719 3086 ante
758 3022 862 3089 Cicero
906 3021 1094 3101 nominavit,
1134 3023 1254 3107 legatos
1298 3015 1361 3089 et'

251 3128 443 3210 qnaestorem.
510 3126 670 3206 Quomodo
709 3126 806 3212 igitur
846 3129 927 3193 inter
967 3129 1023 3194 hoe
1058 3131 1216 3212 tamquam
1254 3149 1330 3212 pars

250 3233 355 3318 eliqua
386 3233 521 3319 separari
553 3235 646 3317 etque
678 3234 798 3317 excerpi
828 3237 956 3317 possunt
976 3234 1010 3313 ii,
1033 3253 1109 3319 qnos
1130 3253 1179 3300 res
1200 3234 1330 3317 publiea

303 3504 331 3574 *)
348 3505 401 3574 Ep.
420 3506 463 3572 26,
482 3505 508 3572 4,
527 3504 561 3560 de
581 3521 635 3573 quo
654 3505 717 3559 loco
736 3504 793 3558 dixi
805 3503 875 3560 Adv.
889 3505 954 3559 crit.
967 3504 996 3559 11
1006 3522 1034 3575 p.
1046 3503 1107 3573 240,
1125 3521 1181 3560 non
1198 3521 1328 3575 paucos

348 3613 483 3666 specus,
515 3597 565 3653 sed
591 3613 718 3667 paucos
745 3595 829 3670 pedes
857 3597 1033 3654 scribendum
1064 3603 1114 3667 est,
1144 3600 1259 3670 propius
1291 3603 1329 3657 ad

348 3690 451 3746 codicis
469 3690 543 3745 Med.
566 3691 720 3761 vestigium,
748 3691 878 3761 quoniam
908 3694 936 3745 et
963 3691 1063 3760 pedum
1085 3693 1211 3761 paucitas
1236 3695 1329 3764 aptior
1358 3755 1359 3760 .

349 3788 392 3837 est
410 3783 446 3838 ad
465 3783 643 3853 exiguitatem
660 3785 701 3839 rei
721 3782 925 3853 declarandam,
949 3789 977 3838 et
1004 3799 1103 3854 specus
1128 3800 1238 3854 semper
1261 3789 1327 3842 sub-

348 3875 471 3930 terranei
489 3882 562 3941 sunt.
600 3875 744 3946 Significat
760 3876 856 3932 Cicero
877 3891 1028 3946 paucorum
1045 3878 1146 3948 pedum
1165 3878 1326 3936 servitutem

348 3984 385 4023 ne
404 3969 440 4024 ad
459 3969 632 4039 superficiem
655 3969 767 4040 quidem
791 3976 819 4025 et
843 3986 936 4026 aream
958 3971 1109 4042 pertinere,
1134 3970 1182 4027 sed
1207 3971 1243 4026 ad
1262 3974 1324 4029 snb·

348 4067 485 4131 terranea,
505 4063 580 4118 velut
602 4063 637 4118 ad
656 4078 756 4131 aquam
775 4063 893 4119 similene
912 4065 1020 4134 aliquid.
