2712 4576
473 220 613 276 Ciceronis
632 220 766 290 epistolae.
1052 219 1110 281 171

75 418 144 483 est
177 417 356 496 firmins,
389 417 423 483 id
454 418 512 497 est,
543 437 606 484 una
638 417 775 484 detracta
807 416 912 483 littera
947 417 1153 501 restitutoque

76 522 239 589 scribendi
262 523 458 608 compendio:
481 523 535 590 SC
557 525 696 602 (senatus
715 524 864 602 consulto,
887 541 946 608 qno
967 524 1009 603 id,
1032 523 1154 608 quoda

74 627 192 694 Clodio
215 629 314 695 latum
336 631 428 709 esset,
450 628 647 716 privilegium
667 631 855 696 iudicaretur
876 631 1059 714 irritumque
1085 649 1152 697 esse

76 734 253 813 iuberetur)
285 736 346 802 est
374 735 535 804 firmius
563 738 678 823 (legem
700 737 864 822 abrogari).
911 737 1022 802 Pusilli
1043 736 1153 804 erroris

76 841 229 908 correctio
258 841 352 908 simul
377 841 617 910 admonitionem
640 843 742 924 habet,
766 862 858 929 quam
880 843 1086 910 insistendum
1112 844 1154 908 sit

72 948 196 1014 codicis
218 949 351 1015 Medicei
372 949 520 1034 vestigiis.

183 1066 262 1132 Ibid.
295 1069 354 1148 IV,
393 1069 427 1146 1,
462 1069 498 1132 l:
552 1087 768 1155 cognoram
812 1071 931 1146 enim,
975 1072 1017 1133 ut
1061 1085 1152 1134 vere

79 1173 275 1250 scribam,
307 1174 347 1240 te
380 1174 420 1238 in
455 1174 645 1240 consiliis
673 1174 772 1241 mihi
801 1174 945 1240 dandis
970 1193 1041 1240 uec
1069 1174 1152 1239 for-

72 1280 230 1346 tiorem
260 1299 331 1346 nec
357 1281 663 1364 prudentiorem
693 1300 807 1365 quam
836 1300 893 1346 me
921 1280 1054 1367 ipsum
1081 1299 1152 1346 nec

71 1386 205 1451 etiam
226 1389 393 1469 propter
414 1406 537 1454 meam
559 1369 651 1453 inte
668 1388 1151 1454 observantiamnimium

74 1494 115 1584 in
140 1493 331 1559 custodia
353 1493 505 1560 salutis
526 1512 620 1560 meae
639 1493 901 1578 diligentem,
917 1494 1151 1576 eundemque

74 1601 135 1679 te,
170 1599 237 1683 qui
271 1598 414 1682 primis
445 1601 698 1683 temporibus
733 1601 883 1666 erroris
917 1599 1049 1664 nostri
1082 1600 1152 1664 aut

70 1706 219 1787 potius
240 1706 393 1772 luroris
414 1707 623 1791 particeps
652 1710 690 1772 et
712 1708 809 1772 falsi
831 1705 994 1772 timoris
1016 1703 1151 1770 socius

75 1811 253 1891 fuisses,
273 1813 539 1882 acerbissime
561 1811 780 1879 discidium
802 1811 1151 1898 nostrumiulisse

77 1919 138 1982 cet.
184 1917 303 1984 Omitto
324 1919 479 1986 infelicem
493 1919 661 1984 Hoimanui
677 1921 894 1999 coniecturam,
918 1939 1010 2004 quam
1027 1920 1151 1984 secutus

78 2024 225 2090 Baitcrus
257 2044 314 2091 me
346 2045 401 2109 pro
434 2045 508 2091 nec
541 2025 675 2108 scripsit.
731 2027 860 2092 Prorsus
890 2026 957 2091 fieri
978 2026 1094 2109 nequit,
1116 2027 1152 2088 ut

76 2132 160 2197 inter
183 2131 242 2196 duo
265 2133 427 2211 contraria,
450 2151 517 2216 qnae
541 2133 572 2196 in
595 2131 693 2198 Attici
715 2151 845 2218 persona
866 2132 1013 2197 notantur
1035 2134 1089 2208 (te
1110 2131 1151 2195 in

73 2237 277 2304 consiliis
309 2240 367 2305 cet.
402 2242 433 2303 et
465 2239 713 2322 eundemque
747 2243 785 2304 ie
818 2240 901 2317 cet),
937 2237 1150 2321 interponatur

77 2343 209 2427 aliquid,
240 2345 323 2429 quod
352 2344 392 2410 ad
414 2345 593 2412 Ciceronem
614 2343 718 2427 ipsum
739 2345 909 2428 pertineat3
939 2342 1015 2428 quid
1037 2341 1148 2408 deinde

78 2452 236 2517 coniuncti
270 2451 386 2518 habeut
418 2450 572 2517 Ciceronis
605 2450 637 2516 in
670 2450 810 2516 Atticum
843 2449 1037 2517 observantia
1066 2450 1150 2515 etin
1234 2455 1236 2464 '

75 2577 145 2623 suae
166 2559 277 2624 salutis
300 2558 440 2624 custodie
462 2557 650 2643 diligentia?
679 2555 793 2622 Verum
815 2577 876 2624 non
897 2558 1000 2623 minus
1022 2575 1150 2640 pravum

74 2665 135 2743 est,
160 2665 303 2730 Atticum
325 2665 449 2748 propter
478 2664 632 2730 Ciceronis
665 2665 696 2727 in
728 2683 761 2729 se
794 2665 1018 2743 observantiam
1048 2663 1151 2728 miuus

72 2772 264 2856 diligentem
285 2771 379 2836 fuisse
401 2771 434 2835 in
457 2771 523 2836 eius
545 2770 654 2836 salutis
677 2769 824 2836 custodia.
861 2772 991 2837 Etiamsi
1014 2770 1151 2836 violenta

75 2879 252 2944 mutatione
274 2879 390 2943 scribas
406 2895 481 2968 pro
503 2877 715 2960 praeterita
737 2895 819 2942 mea
840 2878 880 2941 in
901 2879 942 2943 te
965 2879 1054 2956 obs,
1069 2875 1150 2941 nihil

72 2985 231 3050 efficiatur
253 2983 314 3049 uisi
329 2974 510 3070 'importuna
532 2983 565 3048 et
586 2982 692 3048 odiosa
718 2984 816 3048 Attici
837 2985 1042 3067 reprehensio,
1067 2984 1151 3067 quod

76 3091 240 3158 nonsatis
264 3091 466 3157 observantiae
489 3089 643 3155 Ciceronis
671 3089 875 3172 responderit.
930 3089 1012 3170 Quid
1035 3089 1151 3164 Cicero,

73 3217 139 3282 quo
173 3199 239 3263 erat
271 3198 338 3261 tum
371 3196 467 3262 animi
499 3196 622 3274 affectu,
656 3194 836 3261 timiditatis
869 3215 933 3261 suae
963 3195 1085 3278 culpam
1116 3216 1151 3260 ex

78 3305 185 3389 aliqua
217 3304 306 3386 parte
338 3302 371 3367 iu
405 3302 521 3367 amicos
552 3302 749 3379 transferens,
773 3300 901 3367 senserit
923 3300 1151 3385 scripseritque,

78 3412 209 3495 apparet
231 3429 267 3476 ex
288 3408 361 3475 libri
383 3407 467 3474 tertii
489 3395 610 3491 cpio,
638 3409 668 3488 4,
698 3407 751 3473 ubi
774 3407 888 3487 Cicero,
919 3410 955 3472 ut
981 3407 1013 3472 iu
1045 3408 1151 3474 Attico

78 3537 189 3604 parum
220 3516 280 3582 sibi
312 3515 435 3582 consilii
469 3518 500 3581 et
534 3515 639 3582 auxilii
671 3515 767 3581 fuisse
798 3515 885 3599 queri
911 3513 1022 3598 possit,
1055 3517 1152 3598 culpa

78 3627 199 3709 partem
221 3623 255 3688 in
277 3642 311 3688 se
332 3622 489 3702 transfert,
508 3622 588 3706 quod
608 3625 700 3688 antea
721 3640 781 3687 non
803 3607 880 3687 satis
903 3623 1043 3688 Atticum
1065 3623 1151 3688 colu·

77 3732 150 3796 erit.
196 3731 307 3815 Itaque
337 3727 396 3794 hoc
423 3747 543 3813 qnoque
565 3730 631 3796 loco
653 3731 698 3795 sic
719 3729 899 3812 scripserat:
934 3747 1151 3812 cognoram

78 3837 199 3914 enim,
237 3838 280 3900 ut
314 3854 406 3902 vere
442 3835 633 3916 scribam,
670 3838 707 3902 te
750 3835 790 3901 in
825 3835 1018 3902 consiliis
1054 3832 1150 3897 mihi

82 3943 226 4008 dandis
259 3960 330 4008 uec
362 3941 577 4008 fortiorem
605 3961 675 4008 nec
702 3944 1010 4027 prudentiorem
1038 3959 1149 4023 quam

79 4069 136 4114 me
168 4048 299 4133 ipsum
328 4066 414 4129 uec,
446 4049 569 4114 etiam
597 4051 764 4132 propter
794 4068 914 4114 meam
938 4048 978 4112 in
1001 4049 1039 4111 te
1061 4044 1151 4112 inob-
