2712 4576
290 251 350 313 m
652 246 908 316 mmmm

249 449 346 514 dieo.
398 449 451 512 De
485 446 632 530 quibus
665 445 810 530 igitur,
849 443 1016 510 etiamsi
1050 443 1172 507 letum
1205 445 1338 505 esset

248 560 387 638 [neque
425 555 553 638 legem
588 572 713 636 neque
745 570 894 634 poenam
926 552 1081 633 gratam
1118 550 1238 626 esee],
1282 567 1338 612 ne

248 679 361 743 quem
383 661 509 726 oivem
531 661 824 742 reciperemus,
849 661 981 723 tamen
1004 655 1041 720 in
1064 657 1190 732 esset,
1215 655 1336 738 qnod

246 769 386 849 poetes
415 766 587 850 populus
615 765 829 840 iussisset,
861 766 990 829 return
1019 765 1078 828 cet.
1130 762 1242 838 Locus,
1273 763 1336 845 qui

246 874 381 957 grauiter
402 873 565 939 mendosus
586 870 832 954 infelicitasque,
866 889 934 953 qnae
962 869 1093 951 eppiotae
1121 869 1204 945 suut,
1234 869 1335 934 notis

246 977 445 1063 dignissimus
474 979 605 1055 videtur,
634 976 725 1042 fenile
753 979 785 1041 et
812 976 895 1042 nerto
925 977 956 1039 in
988 974 1200 1058 integritatem
1222 976 1334 1040 resti-

247 1087 360 1163 tuetur,
382 1087 483 1152 vorbis
505 1085 624 1168 aliquot
644 1084 676 1147 in
700 1102 786 1148 sulem
809 1081 914 1147 sedem
937 1101 973 1146 ex
995 1081 1097 1146 eliens
1119 1081 1269 1146 retractis
1297 1083 1332 1144 in

244 1192 491 1269 hunomodum:
524 1190 637 1256 Nihil
667 1190 825 1256 omnino
855 1206 1035 1271 umquem
1068 1187 1112 1251 de
1134 1188 1215 1252 isto
1249 1189 1332 1253 foe-

246 1301 339 1365 dere
366 1298 411 1364 ed
440 1297 645 1380 populum,
675 1295 781 1360 nihil
808 1295 852 1359 ed
885 1293 1038 1376 plebem
1071 1292 1195 1360 letum
1225 1314 1331 1360 esse

246 1405 350 1483 dieo,
391 1422 515 1487 neque
555 1405 684 1487 legem
718 1420 844 1484 neque
878 1419 1024 1484 poenem
1060 1403 1212 1484 rogatum
1250 1404 1332 1485 (pro

245 1511 411 1595 grutem)
434 1529 531 1576 esse.
575 1509 628 1575 De
651 1508 796 1592 quibus
819 1507 965 1592 igitur,
997 1506 1161 1571 etiamsi
1183 1508 1326 1574 letum

245 1620 368 1693 esset,
402 1635 446 1680 ne
478 1633 590 1697 quem
623 1616 748 1680 nivem
782 1614 1072 1696 reciperemus,
1107 1614 1245 1678 temen
1284 1617 1328 1680 in

246 1726 371 1798 esset,
393 1721 495 1804 quod
517 1725 657 1804 postea
679 1721 850 1804 populns
872 1719 1084 1797 iussisset,
1100 1723 1230 1785 retum
1260 1727 1326 1788 oet.

244 1827 397 1909 [Similem
428 1826 600 1909 corrigendi
630 1826 711 1890 viem
740 1825 908 1890 Lambinus
938 1828 970 1890 et
999 1825 1159 1892 Ernestins
1180 1825 1326 1912 ingressi

244 1935 355 2012 erent]
402 1933 506 1999 Unum
527 1931 616 2010 eddo,
640 1950 675 1997 ex
701 1931 750 1996 his
779 1929 855 2014 ipsis
884 1931 1002 2019 verbis:
1035 1951 1159 2014 nequo
1181 1933 1323 2018 legem

243 2056 368 2121 neque
408 2057 555 2121 pronam
598 2039 778 2121 rogatum
812 2056 900 2102 esse
936 2039 1092 2120 perspicue
1125 2040 1322 2120 confirmari,

244 2144 323 2227 qood
345 2143 417 2208 olim
440 2142 531 2226 paulo
551 2147 624 2210 onte
646 2143 839 2210 scribendum
869 2161 936 2208 esse
964 2142 1041 2207 dixi:
1070 2145 1138 2208 ant
1165 2165 1323 2228 genere

244 2250 331 2333 ipso
369 2254 488 2334 etque
525 2249 805 2316 obtestatione
840 2247 949 2332 legis
989 2252 1058 2314 eut
1099 2270 1210 2332 prens
1248 2261 1351 2337 (pro

243 2361 390 2438 poenae);
412 2356 467 2421 sed
489 2357 521 2422 in
543 2358 644 2423 verbis
666 2355 799 2440 proxime
821 2354 1064 2437 praeoedentibus
1088 2354 1163 2420 nihil
1187 2360 1239 2424 est
1264 2381 1323 2428 eur

242 2461 371 2527 tolletur
403 2466 723 2538 sacrosanctum
755 2461 838 2527 idem
868 2461 952 2526 enim
974 2460 1096 2538 dieitur,
1125 2481 1160 2527 eo
1182 2464 1212 2528 si
1236 2470 1321 2533 seri·

242 2568 1318 2651 beretnrroliqnidtamquamonerosenotnmexoeptum

241 2671 499 2746 videreturne
1348 2642 1349 2673 ¹

340 2875 377 2944 In
398 2878 542 2944 Pisonem
568 2879 606 2942 10
627 2881 659 2943 et
682 2880 734 2941 11:
756 2880 859 2958 Ques
882 2881 994 2964 leges
1018 2879 1104 2957 (hine
1125 2882 1207 2947 enim
1229 2903 1317 2951 nove

240 2983 394 3047 sententia
430 2982 551 3065 incipit)
591 3002 711 3051 ausus
750 2988 813 3050 est
851 3003 1044 3050 nonnemo
1083 2987 1314 3071 improbus,

240 3086 375 3170 potnit
396 3086 555 3170 quidem
577 3109 688 3156 nemo
711 3091 958 3170 convellere,
984 3111 1096 3176 quem
1119 3094 1314 3174 potesta·
1346 3069 1347 3081 ἵ

239 3199 317 3259 tem
355 3195 550 3270 minuero,
586 3215 659 3278 quo
695 3197 825 3262 minus
864 3199 909 3263 de
942 3199 1119 3264 moribus
1151 3203 1314 3268 nostris
1345 3259 1346 3285 p

123 3311 133 3332 ·
238 3301 379 3383 quinto
401 3319 556 3384 qnoque
578 3321 677 3368 enno
700 3302 972 3383 iudicaretur,
1002 3322 1115 3370 nemo
1144 3307 1224 3371 tam
1249 3311 1312 3373 ef·

237 3407 323 3472 fuse
345 3409 535 3490 petulans
559 3410 726 3474 conatus
749 3411 827 3485 est,
849 3410 929 3476 haeo
950 3413 1058 3487 sunt,
1078 3413 1306 3480 oneroifex!
1344 3463 1345 3468 η

236 3514 273 3574 in
295 3512 448 3596 gremio
470 3514 633 3596 sepulte
655 3516 893 3581 onnsnlotns
918 3515 988 3580 tui.
1043 3516 1139 3598 Leges
1161 3520 1194 3582 et
1215 3524 1308 3600 poto-

237 3624 310 3694 stus,
334 3637 401 3700 quae
424 3617 573 3685 tolluntur
596 3621 628 3684 et
649 3621 835 3700 evertuntur,
863 3622 945 3716 reete
968 3623 1000 3686 et
1020 3620 1158 3706 graviter
1179 3626 1306 3707 sepeliri
1343 3677 1344 3693 1

287 3885 313 3954 *)
332 3883 348 3954 ᾗ
365 3885 400 3941 39
419 3886 519 3942 leeuun
538 3886 577 3942 sio
600 3889 735 3959 explenda
758 3895 815 3946 est:
843 3890 915 3960 qui,
938 3907 1013 3946 oum
1036 3891 1185 3949 moxime
1207 3894 1304 3951 belle
1342 3857 1343 3895 ¹

332 3977 429 4034 nobis
457 3978 681 4050 inferrentur,
717 3986 821 4052 (soe,
849 3999 866 4039 s
893 3984 1016 4053 quibus
1043 3984 1301 4058 inferrentur>
1341 4001 1342 4020 ¹

331 4069 490 4127 moenibus
510 4072 735 4130 excluserunt.
772 4073 775 4082 '
1341 4035 1342 4099 i

1326 4329 1340 4533 l
