2712 4576
429 257 568 313 Ciceronis
586 254 720 328 epistolae.
1010 257 1071 320 165

40 453 148 520 mortis
184 473 272 521 casus
305 455 449 539 rapuerit,
483 456 558 539 quid
591 458 662 537 post
694 455 856 537 pareutum
886 458 1018 522 mortem
1046 454 1113 522 filio

39 563 178 627 loturum
201 561 252 641 sit,
276 560 430 645 quaeritur.

140 689 221 755 Ibid.
243 688 310 770 XV,
335 691 383 771 17,
406 691 443 757 22
465 688 644 756 Mindius
667 689 886 757 Marcellus
910 690 949 755 et
970 689 1113 755 Attius

39 798 342 881 pigmentarius
370 796 489 863 valde
516 795 748 882 gaudebant
768 815 809 861 se
831 794 1111 862 adversarium

38 901 286 984 perdidisse.
329 904 428 970 Pravo
442 901 561 968 Mindio
583 921 753 987 cognomen
770 901 969 969 nobilissima
984 901 1112 966 familiae

37 1010 173 1075 additur.
243 1010 379 1094 Uterque
414 1011 506 1076 homo
549 1009 753 1094 contemptim
790 1011 869 1088 (sine
908 1007 1112 1091 praenomine)

39 1119 178 1199 quaestus
199 1136 308 1201 genere
323 1119 465 1184 notatur:
489 1116 667 1182 Mindius
690 1115 896 1184 macellarius
919 1118 957 1180 et
978 1113 1112 1180 Attius

38 1223 353 1307 pigmentarius.

139 1412 278 1499 Epistol.
315 1412 359 1479 all
393 1412 493 1480 huto.
529 1413 553 1493 l,
587 1413 616 1493 1,
650 1413 686 1478 2:
727 1411 892 1478 Nostris
935 1409 1112 1476 rationi·

37 1519 109 1585 hus
141 1521 310 1586 maxime
340 1519 565 1587 conducere
594 1520 758 1585 uidetur
778 1519 988 1582 Thermum
1014 1516 1112 1582 lieri

39 1642 124 1691 cum
159 1625 329 1705 Oaesare3
360 1646 471 1693 nemo
504 1627 567 1692 est
599 1627 701 1690 enirn
737 1645 779 1690 ex
807 1623 877 1703 iis,
911 1625 977 1708 qui
1011 1642 1112 1688 nuuc

38 1733 204 1813 petunt,
240 1733 322 1816 qui,
365 1734 398 1799 si
435 1733 474 1798 iu
511 1733 692 1798 nostrum
724 1749 864 1796 annum
897 1729 1111 1808 reciderit,

39 1832 203 1899 firmior
245 1839 491 1905 candidatus
527 1841 611 1905 fore
647 1836 853 1916 videatur,
897 1838 1114 1921 propterea

40 1941 144 2021 quod
174 1947 340 2012 curator
371 1948 432 2012 est
464 1947 535 2013 uiae
568 1945 792 2022 Flaminiae,
823 1963 904 2028 quae
926 1964 1011 2011 cum
1033 1944 1114 2010 erit

40 2047 235 2114 absoluta
261 2070 356 2117 saue
382 2053 507 2118 facile
537 2070 621 2116 eum
648 2051 830 2117 libenter
859 2069 961 2116 nunc
983 2051 1113 2116 ceteri

40 2155 202 2219 consuli
235 2156 466 2224 acciderim.
521 2154 694 2223 Minucium
723 2156 892 2221 Thermum
921 2153 1025 2221 Cicero
1053 2154 1113 2220 hoo

39 2277 118 2326 auno
156 2279 227 2325 oum
259 2262 377 2328 Caesare
409 2264 566 2330 consulem
599 2263 666 2328 fieri
698 2263 791 2346 cupit,
826 2263 906 2346 quia,
937 2260 964 2327 si
986 2262 1016 2326 in
1041 2279 1112 2326 eum

40 2383 158 2431 aunum
179 2368 324 2434 reciderit
345 2369 536 2450 candidatus,
568 2389 627 2454 quo
658 2371 723 2454 ipse
752 2367 858 2434 Cicero
884 2367 1038 2451 petiturus
1060 2364 1111 2443 sit,

39 2474 192 2540 absolutae
213 2475 272 2540 viae
294 2475 456 2540 Tlaminiae
483 2477 584 2560 grutia
611 2477 749 2542 adiutum
779 2495 850 2541 eum
871 2475 910 2540 iri
932 2474 965 2539 et
986 2489 1112 2556 gravem

40 2581 278 2663 competitorem
301 2582 365 2646 fore
386 2581 543 2667 praevidet.
598 2583 696 2650 Prave
728 2600 906 2648 concurrere
932 2579 1057 2646 facile
1080 2579 1113 2643 et

39 2684 122 2752 lihe
133 2688 224 2753 ntor
246 2687 279 2755 et
293 2689 331 2754 ab
348 2689 525 2771 pronomine
548 2708 632 2755 eum
651 2708 763 2757 novam
778 2689 912 2771 incipere
926 2684 1111 2752 senteutiam

39 2793 179 2876 apparet.
228 2794 303 2860 Haeo
327 2795 481 2860 sententia
502 2796 680 2862 huiusmodi
702 2793 776 2860 luit:
811 2795 903 2860 Eum
931 2792 1114 2860 libenter

39 2917 145 2964 nune
179 2898 296 2968 Caesari
328 2901 490 2968 consulem
519 2902 711 2969 accuherim.
758 2901 863 2967 Ioooso
886 2899 990 2968 Cicero
1019 2898 1113 2964 verbo

38 3005 142 3069 utitur
175 3006 213 3072 de
246 3008 311 3091 pari
344 3009 504 3074 consulum
538 3007 707 3076 conflando.
760 3007 848 3072 Prior
871 3005 1027 3072 sententia
1048 3002 1113 3070 vim

38 3112 192 3178 ahsolutae
220 3112 280 3179 uiae
309 3114 471 3179 Flaminiae
499 3115 537 3180 ad
565 3115 735 3180 Thermum
757 3111 1034 3179 commendandum
1058 3109 1113 3176 de·

38 3217 193 3297 clarabat3
224 3220 353 3286 sortasse
383 3218 532 3302 scriptum
553 3220 668 3286 fuerat:
703 3238 785 3302 quae
817 3238 900 3284 curu
934 3217 1014 3283 erit
1044 3216 1113 3282 ab·

39 3325 196 3406 soluta,
234 3311 328 3392 sane
364 3325 476 3404 faciet,
513 3326 570 3392 hoc
607 3330 663 3405 est,
701 3345 773 3392 saue
810 3322 954 3409 agetot
978 3322 1113 3386 multum

38 3430 166 3510 valebit,
189 3430 249 3497 nisi
271 3432 387 3517 aliquid
408 3435 480 3516 post
501 3433 625 3499 facile
648 3432 770 3500 excidit.
810 3433 860 3513 [lu
882 3426 1112 3495 accuderim

38 3535 194 3604 inciderat
218 3538 337 3619 Rosius,
364 3539 471 3623 quiin
495 3541 604 3606 ceteris
625 3542 715 3624 longe
738 3539 827 3619 abit]

142 3655 221 3720 Ibid.
247 3659 294 3737 14,
317 3659 356 3723 5:
378 3657 469 3724 (lum
501 3658 791 3725 decerneretur
819 3654 1028 3740 frequenti
1050 3672 1112 3719 se·

40 3764 154 3842 natu,
178 3767 317 3829 contra
338 3764 543 3848 pugnante
562 3763 924 3845 Pisoue‚adpedes
940 3760 1111 3827 omnium

39 3867 296 3952 singillatim
329 3871 542 3937 accidente
566 3870 724 3949 Clodio,
754 3873 797 3935 ut
827 3867 1016 3935 eonsules
1043 3883 1111 3950 po·

39 3976 175 4057 pulum
207 3977 522 4043 cohortarentur
549 3977 594 4041 ad
624 3976 878 4061 rogationem
907 3973 1111 4055 accipien-

40 4081 144 4162 dam,
184 4081 368 4148 homiues
404 4083 450 4148 ad
492 4083 721 4168 quindecim
755 4081 921 4148 Curioni
957 4078 1113 4144 nullum
