2740 4572
504 210 608 267 Plinius
626 210 721 267 maior.
1044 211 1105 274 213

68 407 211 472 ltaliae
234 410 273 472 et
294 407 463 474 maxime
487 407 675 485 Etruria,
708 406 866 473 Voloam
892 407 1008 472 .V.oiis
1038 410 1150 474 aeci·

67 516 160 578 tum
181 518 240 579 cet.
284 515 431 580 Dativum
461 515 510 580 bio
540 532 558 577 a
586 511 687 578 Plinio
708 532 763 595 pro
785 515 1002 596 praepositioue
1023 516 1069 580 ab
1092 533 1149 597 po·

10 704 11 709 ¹
68 621 182 696 situm,
202 620 371 702 praesertim
386 620 419 686 in
435 622 586 685 terrarum
608 617 793 699 nominibus,
809 619 860 684 vix
875 621 974 694 credo,
990 623 1148 706 multoque

9 757 11 819 ,1
66 723 265 807 probabilius
288 725 364 791 mihi
381 725 512 804 videtur,
529 745 598 790 cum
615 727 761 810 scriptum
779 731 878 792 esset:
899 726 998 792 hauc
1020 731 1148 794 artem

66 832 194 914 <in>
217 831 312 898 ltalia
332 833 371 896 et
399 833 564 898 maxime
593 831 742 909 lltrnria,
777 833 1022 916 prepositionem
1051 835 1146 900 inter·

8 948 11 1075 t
68 938 190 1003 cidisse
213 938 338 1019 propter
358 939 580 1018 praecedeotem
601 939 743 1004 litteram
764 956 805 1016 m,
829 941 896 1002 tum
919 958 935 1004 e
958 940 1094 1005 vocalem
1111 960 1148 1007 ex

8 1110 10 1128 ‚
67 1038 218 1128 sequenti
240 1043 279 1107 et
300 1042 453 1108 adiectam
480 1062 558 1110 esse.
607 1097 612 1108 .

8 1177 11 1263 p
178 1159 427 1242 lbid.158sq.:
460 1161 503 1226 lu
537 1162 667 1228 sacris
700 1162 859 1245 quidem
888 1161 1011 1226 etiam
1040 1161 1148 1228 iuter

68 1267 146 1333 has
169 1285 264 1349 opes
285 1267 404 1332 hodie
427 1287 500 1332 non
524 1269 717 1333 murrinis
734 1267 1147 1351 crystallinieve,sod

7 1434 9 1453 ,
71 1373 1147 1458 fictilibusprolibatursimpuis,inenarrabiliterroe

72 1479 354 1563 benignitate,
387 1479 420 1544 si
454 1479 520 1562 qui
553 1481 716 1564 singula
745 1482 936 1555 aestimet,
960 1481 1082 1546 etiam
1104 1486 1149 1546 ut

70 1587 326 1654 omittantur
349 1586 384 1648 in
416 1587 590 1668 frugum,
626 1587 726 1660 viui,
757 1604 973 1668 pomorum,
1004 1588 1146 1654 herba·

72 1712 177 1768 rum,
210 1691 422 1766 fruticum,
455 1693 853 1770 medicamentorum,
885 1694 1146 1759 metallorum

71 1797 296 1883 generibus
330 1797 536 1864 beneficia
569 1797 655 1862 eius
689 1817 852 1882 quaeque
883 1797 1011 1866 adhuc
1040 1800 1146 1866 diri-

70 1925 168 1971 mus.
212 1905 285 1969 Vel
313 1904 562 1970 assiduitate
584 1905 742 1969 satiant
763 1904 1006 1988 figlinarum
1029 1925 1148 1988 opera

8 1997 10 2019 ”
72 2010 322 2076 imbricibus
344 2011 389 2076 ad
412 2013 523 2076 tecta
545 2009 786 2090 coctilibus,
813 2011 1035 2077 latereulis
1057 2013 1147 2077 fun·

72 2117 363 2199 dameutisqne
385 2118 469 2193 ant,
486 2135 568 2200 quae
590 2122 679 2181 rota
700 2119 825 2194 fiunt,
842 2118 966 2183 doliis
990 2117 1035 2182 ad
1054 2119 1148 2183 vina

73 2223 327 2307 excogitatis
350 2224 407 2288 oet.
467 2223 640 2288 Turbatam
661 2222 713 2288 hic
735 2223 851 2307 aliquid
873 2242 940 2288 esse
966 2223 1073 2288 multis
1097 2225 1147 2288 in·

73 2330 167 2396 dioiis
183 2328 433 2409 deprehenditur.
470 2328 611 2393 Primum
628 2329 706 2391 enirn
724 2327 860 2392 ablativo
875 2327 932 2404 illi,
948 2347 1008 2410 quo
1024 2327 1146 2394 Plinius

74 2437 107 2500 et
128 2437 256 2500 Tacitus
279 2435 482 2516 epiphonema
505 2433 629 2516 aliquod
652 2438 706 2499 aut
729 2433 876 2499 iudicium
903 2434 1084 2518 adiungunt,
1108 2435 1147 2500 de

75 2561 135 2624 quo
161 2539 225 2604 dixi
246 2538 327 2604 nov.
351 2541 426 2605 Crit.
448 2541 477 2605 ll
500 2561 528 2624 p.
547 2541 617 2616 526,
640 2541 690 2605 hic
711 2539 815 2605 nullus
838 2540 960 2605 omniuo
982 2541 1066 2606 locus
1089 2545 1144 2616 est,

75 2647 221 2730 qnoniam
256 2664 355 2729 neque
387 2647 440 2710 uui
473 2650 505 2710 et
537 2648 652 2730 exiguae
689 2647 742 2722 rei,
770 2645 915 2713 fictilium
948 2667 1088 2712 uasorum
1112 2647 1144 2711 iu

76 2753 171 2818 sacris
194 2755 274 2828 usui,
308 2753 365 2818 hoc
396 2751 434 2816 de
468 2751 611 2817 omuibus
643 2753 734 2818 terrae
762 2753 920 2818 benefieiis
943 2754 1146 2836 epiphonema

75 2857 302 2924 accommodari
324 2859 437 2940 potest,
461 2860 493 2923 et
516 2858 584 2940 ipsa
606 2859 697 2924 huius
727 2859 972 2941 epiphonematis
994 2853 1148 2925 sententia

76 2967 225 3031 evertitur
257 2967 289 3028 et
319 2964 441 3029 tollitur
470 2965 615 3031 adiuncta
637 2965 691 3031 illa
713 2966 924 3034 concessione:
959 2966 1081 3032 etiam
1104 2967 1148 3030 ut

76 3071 251 3136 omittan
262 3073 326 3135 tur
348 3073 407 3136 cet
445 3069 563 3135 Deinde
589 3089 634 3150 ea,
650 3091 718 3154 quae
732 3075 902 3154 sequuntur
918 3071 954 3135 de
969 3071 1144 3156 figlinarum

77 3177 231 3258 operibus,
267 3176 352 3241 nullo
388 3195 510 3259 prorsus
544 3195 621 3241 nexu
653 3196 721 3242 cnm
753 3177 996 3258 praecedentibus
1019 3180 1147 3242 coniun-

77 3285 211 3367 guntur-3
234 3285 266 3347 et
287 3287 391 3347 tamea
412 3282 480 3365 ipsa
501 3283 652 3363 porticula
677 3282 740 3347 vel
761 3283 906 3358 ostendit,
929 3281 968 3344 ad
990 3281 1055 3345 haec
1077 3300 1147 3362 per-

77 3389 176 3453 tinere
199 3388 386 3470 superiorem
409 3387 496 3452 illam
518 3389 754 3452 concessionem.
784 3388 942 3452 Postremo
957 3406 995 3450 ne
1010 3388 1144 3468 speciem

78 3493 204 3577 quidem
228 3496 389 3559 sententiae
411 3493 504 3562 habet
526 3495 654 3558 verbnm
676 3495 833 3558 satiant
860 3494 926 3556 sine
948 3492 1068 3558 obiecto
1090 3512 1147 3576 po·

78 3603 174 3666 sitnm
196 3602 252 3665 aut
272 3600 524 3665 assiduitate
545 3600 712 3664 satiant.
740 3599 787 3665 Ad
808 3619 914 3664 verum
930 3599 1145 3664 inveniendum

78 3711 171 3772 tenue
193 3707 312 3772 accedit
333 3724 390 3770 uec
418 3706 523 3770 tarum
553 3704 811 3771 contemnendum
824 3704 988 3786 iodicium,
1012 3706 1092 3788 quod
1114 3705 1145 3769 in

79 3813 180 3879 codiee
195 3815 312 3895 optimo
330 3811 547 3894 bambergensi
568 3811 712 3876 scribitur
733 3811 978 3888 inerrabile,
999 3811 1146 3876 mendose

79 3938 160 3998 saue,
183 3919 237 3984 sed
260 3921 295 3983 ut
316 3917 395 3984 alius
417 3935 515 3990 casos,
537 3934 597 3981 non
621 3916 783 3994 ablativus,
807 3915 973 3999 significari
994 3915 1148 3981 videatur.

83 4025 231 4090 Universa
253 4025 311 4090 looi
334 4025 432 4090 forma
460 4021 633 4088 certissime
661 4021 705 4087 sic
726 4021 917 4088 restituitur:
947 4023 988 4086 In
1019 4020 1155 4085 sacris
