2740 4572
449 229 588 286 Ciceronis
606 229 738 301 epistola.
1025 229 1085 294 199

41 429 103 492 sit
157 429 274 512 Longe
307 427 393 493 aliud
426 427 582 512 significat
616 426 741 492 Brutus.
795 426 927 492 Veretur
960 425 1053 507 enim,
1087 445 1127 492 ne

42 533 243 599 Octavianus
274 533 430 599 Ciceronis
459 533 590 598 decretis
619 536 682 596 lam
711 534 774 599 alte
803 551 836 598 se
867 531 931 597 iam
953 532 1127 598 ascendisse

41 641 140 719 putet,
164 641 207 704 ut
230 640 261 704 ei
284 657 342 703 uon
365 639 547 705 suffecturas
569 639 610 703 sit
633 656 729 704 novus
751 639 822 704 inde
844 657 989 705 ascensus
1013 639 1127 722 gradus

44 745 74 809 in
96 746 276 811 consulatu
297 745 427 828 positus.
482 743 592 828 ltaque
625 745 724 823 timet,
759 761 796 808 ne
829 747 930 827 spreto
963 745 1126 810 consulatu

42 853 146 917 maius
185 851 310 933 aliquid
342 852 440 932 petat,
472 850 659 916 dictaturam
691 867 889 934 regnumque.
940 849 1028 916 Hane
1059 869 1126 916 esse

42 959 240 1022 sententiam
264 960 372 1038 aperte
395 959 499 1031 etiam,
518 975 586 1040 qua
600 959 779 1040 sequuntur,
794 955 1016 1021 demonstrant.
1059 955 1126 1020 Duo

42 1064 145 1147 igitur
169 1081 321 1128 aseensus
343 1064 455 1146 gradus
485 1063 689 1128 aestimatione
712 1059 874 1128 Octaviani
899 1065 1125 1145 comparantur,

43 1172 279 1252 scripseratque
315 1170 445 1234 Brutus:
489 1187 601 1253 quam
638 1168 731 1233 inde
905 1183 1123 1234 escensurum.

45 1275 243 1340 Consulatus
274 1273 400 1363 adeptio
433 1276 460 1339 ei
494 1273 649 1340 videbitur
680 1275 784 1339 minus
813 1272 927 1339 addere
953 1273 1069 1358 lastigii
1092 1276 1125 1338 et
1255 1297 1259 1306 ·

45 1379 282 1463 amplitudinis,
305 1399 395 1463 quam
420 1379 572 1446 Ciceronis
599 1381 723 1446 decreta
749 1379 931 1445 addiderint.
975 1379 1124 1465 [Caedem

47 1485 245 1551 sententiam
266 1491 389 1551 secutus
412 1485 569 1553 Manutius
593 1504 849 1552 ascensurum
872 1483 1097 1570 scripsemt.]‘)

151 1614 236 1680 Ibid.
259 1617 307 1692 ll,
330 1616 365 1679 1:
389 1633 476 1680 nam
498 1617 564 1698 qui
586 1613 623 1679 in
648 1613 802 1679 Achaia
823 1633 1066 1697 congressus
1088 1613 1122 1678 P.

51 1719 276 1787 Dolabella
298 1721 456 1785 milites
479 1729 598 1804 atque
622 1719 782 1805 equites
804 1718 977 1786 habente
999 1721 1122 1804 qaod·

51 1829 112 1892 ris
136 1825 254 1891 adire
283 1828 506 1908 perieulum
537 1847 578 1892 ex
606 1825 775 1891 insidiis
797 1826 1055 1908 paratissimi
1077 1827 1123 1893 ad

53 1934 187 1998 omnia
209 1931 386 1996 latronis
413 1934 606 1998 maluerit
627 1951 738 2015 quam
762 1931 895 1997 videri
918 1936 986 1999 aut
1006 1952 1123 2000 coao-

52 2045 116 2104 tus
152 2040 481 2121 osse-pecuniam
517 2039 609 2108 dare
641 2044 709 2104 aut
740 2039 922 2104 libenter
958 2038 1122 2104 dedisse

53 2144 212 2210 homiui
245 2143 495 2227 nequissimo
518 2191 525 2206 .
550 2191 567 2224 .,
592 2145 626 2209 is
659 2146 775 2210 nobis
806 2145 915 2208 ultro
937 2150 992 2220 (-
1013 2143 1123 2208 ultra

57 2250 228 2334 typothetae
243 2249 337 2315 alicui
353 2249 481 2316 debetur
496 2257 550 2328 —)
566 2254 605 2316 et
625 2250 844 2334 pollicitus
867 2253 927 2312 est
949 2250 988 2311 et
1009 2247 1123 2312 dedit

13 2383 14 2452 ᾗ
58 2357 113 2421 cet.
160 2355 363 2437 Participium
387 2375 631 2442 congressus
653 2358 697 2422 sie
718 2357 857 2422 absolute
879 2354 1015 2436 positum
1036 2370 1122 2434 pror·

13 2459 14 2476 ²
59 2483 109 2541 sus
143 2480 270 2544 pravum
305 2463 368 2537 est3
402 2463 430 2526 si
462 2463 558 2529 addas
595 2483 677 2530 eum
701 2473 796 2540 (eum
822 2461 856 2526 Ρ.
879 2457 1122 2535 Dolabella),

58 2567 248 2653 significetur
282 2568 437 2634 Antistius
470 2571 536 2651 ipse
568 2570 737 2634 Dolabellae
766 2585 963 2650 congressum
996 2565 1121 2648 petisse.

58 2674 135 2739 dota
157 2674 312 2738 sententia
333 2676 478 2755 postulat,
506 2678 549 2740 ut*
562 2676 717 2742 Antistius
740 2673 931 2758 significetur
952 2671 1066 2738 invitus
1089 2671 1121 2737 in

58 2779 227 2845 Dolabellae
259 2782 441 2862 potestatem
475 2781 603 2846 venisse.
659 2782 831 2864 Scripserat
861 2777 960 2864 igitur
989 2779 1121 2844 Brutus:

57 2906 139 2952 nam
162 2886 229 2970 qui
250 2885 288 2951 in
311 2885 465 2951 Achaia
487 2901 704 2971 comprensus,
727 2887 763 2952 P.
783 2885 998 2953 Dolabella
1020 2885 1122 2952 mili·

58 2993 117 3057 tes
153 2992 274 3075 atque
307 2991 467 3076 equites
499 2990 690 3073 habento,
728 2993 899 3077 quodvis
930 2995 988 3060 oet.
1040 2991 1122 3057 Pieri

60 3099 170 3178 potest,
192 3099 228 3161 ut
249 3098 321 3162 ante
345 3099 377 3161 Ρ.
400 3097 546 3164 exciderit
568 3100 623 3165 ab.

158 3203 1120 3288 lbid.16‚5:Ceterumnequicquamperieritillo,

61 3307 171 3372 cuius
206 3307 385 3374 interitu
420 3309 516 3392 quid
551 3310 685 3393 gavisi
717 3328 869 3386 sumus,
901 3308 935 3375 si
967 3310 1121 3374 mortuo

62 3411 187 3477 nihilo
215 3415 345 3480 minus
375 3416 572 3481 servituri
603 3435 776 3493 eramus,
803 3413 917 3480 nulla
938 3433 1030 3480 eura
1052 3415 1122 3480 ad·

110 3684 137 3754 *)
155 3685 170 3754 ἓ
183 3685 201 3739 5
212 3687 364 3757 Kayserus,
377 3703 457 3756 quem
469 3694 526 3744 tam
539 3705 613 3759 saepe
627 3687 792 3758 reprebendi
810 3691 913 3743 temere
930 3685 1015 3741 verba
1028 3686 1120 3742 delen-

93 3832 95 3836 .
156 3783 219 3847 tem,
238 3781 321 3836 semel
341 3779 487 3850 aliquando
500 3797 593 3836 veram
606 3780 741 3850 ἀθέτησιν
755 3781 822 3835 mihi
834 3779 978 3850 praeripuit
992 3779 1119 3834 damnato

157 3871 284 3927 alienae.
320 3873 383 3928 Non
400 3889 514 3943 prorsus
532 3873 651 3928 alienam
669 3873 777 3943 eulpam
796 3888 857 3930 csse
874 3875 976 3928 Brutus
994 3870 1121 3935 affimat,

156 3964 204 4019 sed
222 3981 336 4035 prorsus
355 3980 394 4033 se,
416 3965 490 4033 quod
511 3965 636 4032 iniquum
660 3963 784 4021 Ciceroni
805 3966 894 4021 risum
918 3969 986 4032 erat,
1004 3962 1075 4015 huuc
1093 3959 1122 4012 in

156 4057 300 4114 Octaviani
319 4058 407 4127 culpae
427 4057 587 4114 societatem
605 4055 782 4126 inclusarum,
801 4057 824 4112 si
841 4055 978 4126 provideri
989 4051 1120 4122 potuerit.
