2712 4576
423 261 561 318 Ciceronis
580 261 726 317 orationes.
1009 262 1066 326 145

12 378 18 549 l
137 459 202 526 Pro
226 458 326 526 Balbo
353 459 408 524 25:
430 460 538 524 Hanc
562 460 603 523 tu
626 457 772 542 igitur,
796 460 963 540 patrone
985 458 1107 524 foede·

13 583 119 643 ,rum
174 584 217 630 ac
272 566 576 643 foederatorum,
625 565 904 631 condicionem
953 566 1107 631 statuis

49 669 274 745 Gaditanis,
298 673 381 737 tuis
404 671 578 751 civibus,
599 673 656 747 nt,
679 671 781 754 quod
804 672 868 752 iis,
890 690 987 756 quos
1007 691 1107 756 mag·

50 777 101 842 nis
120 777 384 843 adiutoribus
407 779 490 844 tuis
519 778 641 844 armis
669 777 903 862 subegimus
925 779 1046 860 atque
1068 777 1105 843 in

12 872 13 930 ἶ
48 883 240 948 dicionem
262 887 440 949 nostram
461 883 709 966 redegimus,
728 883 871 961 liceat,
887 882 1107 965 sipopulus

12 945 16 1059 l
50 991 241 1056 Romanus
262 990 518 1071 permiserit,
541 996 582 1054 nt
605 994 650 1058 ab
672 994 833 1071 senatu,
865 990 910 1058 ab
932 989 1107 1071 impera·

50 1097 199 1162 toribus
222 1098 377 1161 nostris
400 1096 575 1186 civitate
605 1097 819 1178 donentur,
851 1099 892 1163 id
913 1115 959 1161 ne
981 1097 1107 1160 liceat

49 1203 164 1284 ipsis?
208 1201 284 1282 Qum
310 1202 463 1269 sententia
492 1223 558 1270 esse
588 1206 706 1282 debeat,
738 1205 863 1270 dubium
888 1223 946 1269 non
969 1205 1033 1282 est3
1054 1220 1108 1268 cur

11 1216 18 1377 l
49 1309 109 1373 ferri
132 1309 272 1374 codicum
296 1310 445 1392 scriptura
467 1313 610 1394 nequeat,
633 1313 709 1379 olim
731 1331 749 1377 a
770 1330 820 1378 me
841 1311 956 1378 dietum
979 1310 1037 1383 est,
1052 1307 1107 1373 sad

12 1484 16 1523 Ι
48 1415 214 1500 comgendi
235 1414 360 1481 initium
375 1415 539 1484 infeliciter
554 1419 678 1484 factum.
715 1417 865 1484 Veritatis
881 1417 962 1482 enim
977 1414 1108 1498 vestigia

11 1526 17 1655 l
48 1523 235 1588 continentur
264 1523 332 1606 ipso
360 1523 457 1605 primo
485 1525 518 1589 et
546 1526 678 1590 eudemo
706 1524 855 1590 vocabulo
877 1522 1046 1606 (magnis
1067 1557 1108 1566 -

12 1680 13 1718 ¹
49 1629 154 1708 tuis),
186 1647 316 1713 quorum
345 1648 380 1694 ex
407 1648 507 1695 errore
535 1630 621 1714 origo
651 1631 817 1714 probabilis
838 1629 970 1696 inveniri
990 1629 1107 1712 nequit.

51 1733 145 1800 Unum
167 1737 317 1818 praeterea
345 1737 384 1816 ad
415 1737 661 1803 emendationem
694 1736 913 1804 inveniendam
941 1734 1108 1800 tenendum

50 1843 96 1919 est,
117 1859 181 1906 nou
203 1841 277 1920 illis,
299 1842 352 1924 qui
378 1861 459 1908 nune
480 1844 552 1921 sint,
576 1843 738 1909 Gaditanis
759 1842 976 1908 adiuvantibus
994 1842 1109 1924 Hispa·

50 1965 94 2012 nos
122 1967 142 2013 a
171 1947 322 2013 Romanis
348 1949 491 2013 subactos
521 1947 700 2013 Ciceronem
729 1949 839 2022 dicero,
868 1951 923 2016 sed
944 1950 1109 2016 maioribus

12 2028 20 2198 ι
51 2069 154 2118 eornm.
209 2053 380 2135 Scripserat
412 2055 494 2120 enim
521 2053 627 2119 Cicero
659 2055 804 2122 adhunc
832 2055 963 2121 formam
990 2057 1022 2120 et
1043 2055 1109 2121 sine

12 2215 13 2246 ι
49 2156 134 2225 dubio
157 2159 206 2224 his
228 2159 306 2242 ipsis
328 2159 443 2226 verbis:
474 2179 572 2244 quos
602 2161 759 2245 magnis
786 2160 933 2243 adiut<i
954 2161 1066 2248 opibus
1088 2175 1109 2224 a

12 2249 13 2269 ³
50 2264 258 2346 nai>orilons
287 2264 371 2330 tuis
401 2267 523 2332 armis
550 2265 794 2351 subegimus.
844 2267 975 2332 Librorii
1002 2265 1108 2334 oculus

48 2370 195 2436 aberravit
226 2372 266 2437 ab
301 2371 464 2456 iopibus
496 2373 535 2436 ad
568 2372 724 2438 iuribus
764 2373 875 2438 mediis
909 2373 1107 2438 transmissis.

7 2499 8 2502 ¹
50 2476 122 2556 Apte
144 2495 239 2559 opes
262 2477 468 2556 nominantur,
491 2479 564 2560 quia
582 2480 718 2561 pecuniis
733 2477 889 2562 copiisque
903 2481 1002 2562 magis
1017 2497 1109 2563 quem

11 2608 17 2721 Ι
49 2584 134 2648 ermis
167 2583 306 2667 virisque
338 2584 622 2650 sumministrandis
656 2584 803 2652 Gaditani
835 2585 989 2652 Romnum
1020 2585 1109 2651 adiu-

49 2692 156 2754 varent.
204 2689 299 2755 Panlo
334 2690 404 2771 post
432 2691 640 2756 certissimum
669 2693 717 2758 cst
747 2690 924 2757 Ciceronem
952 2693 1109 2775 scripsisse

11 2768 15 2802 c
51 2796 207 2860 externa
228 2795 394 2860 virtute.
439 2796 624 2862 Incredibile
647 2799 695 2862 est
716 2797 819 2874 fuisse,
843 2800 897 2882 qui
916 2819 977 2865 non
992 2799 1111 2866 videret

10 2924 15 2992 ς
50 2898 121 2964 hanc
152 2901 255 2983 ipsam
282 2901 521 2986 geminationem
555 2902 879 2986 alienigenarum
909 2904 1110 2971 hominum

9 2992 15 3125 ι
51 3007 198 3072 studiis
219 3009 341 3091 atque
364 3009 531 3074 externa
552 3011 708 3075 virtute
734 3029 856 3091 prorsus
877 3009 1110 3078 esseOiceroni·

9 3178 12 3202 7
52 3129 131 3177 snam
158 3113 208 3178 vel
234 3115 337 3196 potius
365 3114 505 3180 omnium
534 3116 691 3181 oratorum
719 3133 922 3181 communem.
972 3117 1112 3199 Ipsorum

9 3206 13 3281 l
52 3216 215 3300 hominum,
244 3221 298 3304 qui
319 3220 452 3286 militare
474 3239 529 3304 pro
550 3221 697 3287 Romanis
719 3223 904 3300 vetarentur,
926 3223 1042 3288 virtute
1063 3224 1112 3287 illi

8 3331 9 3354 ¹
52 3325 253 3407 privabantur,
289 3346 350 3393 non
386 3328 524 3409 paterna,
557 3345 626 3409 quae
661 3344 734 3392 saue
766 3327 842 3393 nihil
863 3346 929 3393 rem
957 3328 1110 3410 publicam

54 3428 184 3497 iuvisset.

148 3548 225 3614 lbid.
247 3547 304 3613 33:
338 3549 453 3615 Nihil
483 3551 641 3616 omnino
663 3569 844 3634 umquam
868 3551 912 3617 de
932 3551 1016 3618 isto
1037 3553 1110 3618 foe-

55 3651 140 3718 dere
165 3656 210 3721 ad
239 3655 582 3739 populum‚nihil
613 3657 660 3723 ad
687 3655 842 3739 plebem
870 3656 996 3724 latum
1023 3679 1112 3726 esse

7 3731 12 3966 l
149 3909 354 3981 (profuerit),
368 3917 552 3982 antequam
571 3912 784 3982 designatus
801 3918 868 3982 est,
881 3912 1021 3970 decreta
1037 3929 1112 3984 pro·

147 4094 374 4165 interrogatione:
393 4097 562 4154 Sortietnr
579 4090 621 4154 'an
638 4101 725 4155 non?

7 4011 12 4268 >
148 4002 263 4058 vincia.
302 4003 463 4062 concessive
486 4006 540 4061 hoe
564 4004 675 4070 diuitum
701 4005 804 4062 deinde
826 4012 919 4064 orator
942 4011 1023 4076 urget
1043 4021 1135 4064 nova.

878 4201 915 4255 10

7 4287 11 4470 l
