2740 4572
518 220 640 276 Tacitus.
1011 222 1071 284 237

140 413 223 480 ibid.
247 415 304 478 54:
327 415 535 483 Postremo
557 417 730 497 (Scaevinus
752 437 769 482 e
791 418 918 484 Pisonis
932 418 1113 499 coniuratis)

35 519 288 586 vulneribus
309 521 552 606 ligamenta,
575 523 800 609 quibusque
830 523 999 591 sistitur
1020 545 1114 591 son-

37 625 149 707 gnis,
175 627 468 710 partiebntque
490 629 657 696 eundem
673 628 886 696 Milichum
907 633 1113 698 monetent.

40 731 221 797 Desiderari
246 733 322 811 eius,
345 735 425 816 quod
450 733 608 802 Scaevinus
630 735 795 802 Milichum
821 738 984 813 monuerit,
1014 736 1114 821 signi·
1181 813 1186 822 Ι

38 836 224 902 ficauonem
245 840 387 921 opperet;
410 838 516 923 itaque
537 842 713 908 coniectura
734 840 879 908 scribitur
901 861 919 908 a
940 842 1111 910 nonnullis:

38 944 254 1026 partiebat
275 945 413 1028 idque,
435 964 511 1030 quos
533 947 686 1014 offenders
707 947 770 1014 iam
793 947 926 1014 debebnt
941 947 1011 1014 hmo
1032 949 1114 1012 tem-

38 1070 152 1132 porum
177 1051 394 1132 inequalitas:¹
419 1053 629 1134 partiebat
661 1054 781 1138 idque
811 1098 850 1116 ..
877 1055 1024 1129 monet,
1058 1053 1113 1120 sed

40 1157 143 1220 multo
168 1158 269 1241 magis
290 1157 336 1222 rei
358 1174 490 1225 uerrere
510 1162 661 1241 pruritum
691 1160 760 1244 quis
781 1160 864 1226 euim
886 1159 1000 1239 credat,
1024 1177 1114 1228 sena·

37 1265 140 1328 torem
178 1262 348 1328 Romanum
392 1264 478 1346 prius
503 1266 604 1348 ipsum
630 1264 801 1350 ligamenta
827 1265 986 1331 vulnerum
1012 1268 1044 1332 et
1068 1267 1115 1332 si·

39 1369 148 1434 stendi
171 1369 331 1452 sanguinis
353 1369 490 1436 subsidia
512 1388 570 1436 non
593 1371 694 1436 solum
716 1388 912 1452 praeparasse.
941 1371 994 1435 sed
1018 1370 1113 1436 etiam

38 1477 124 1542 inter
146 1476 325 1540 coniuratos
347 1481 466 1543 ceteros
487 1476 679 1560 dispertisse,
703 1479 791 1560 qnasi
814 1476 929 1560 singuli
951 1495 988 1542 eu
1007 1496 1113 1542 secum

39 1584 167 1664 portare
189 1581 336 1647 deberent
357 1601 458 1665 neque
480 1582 537 1664 ipsi
561 1602 677 1664 parare,
707 1583 735 1648 si
756 1600 832 1665 opus
855 1587 946 1660 osset,
979 1585 1112 1666 possent,

37 1689 159 1754 deinde·
178 1687 331 1752 medicum
353 1706 454 1766 suum,
476 1691 512 1753 ut
532 1689 616 1755 idem
631 1689 756 1766 faceret,
774 1689 951 1756 monuisse?
975 1688 1113 1772 Apparet

40 1796 121 1860 banc
143 1813 267 1859 omnem
291 1792 405 1858 medici
427 1812 530 1859 curam
555 1794 659 1860 luisse.
700 1796 766 1862 Huc
787 1794 949 1862 intellecto
964 1795 1113 1862 facillimo

38 1899 79 1964 ad
112 1917 223 1964 verum
254 1898 473 1965 inveniendum
507 1898 696 1976 deducimur,
725 1900 986 1986 manifestumque
1015 1903 1052 1969 fit
1082 1904 1112 1967 in

41 2007 95 2070 illo
125 2005 416 2088 partiebatque
446 2006 506 2072 duc
536 2007 633 2071 latere
656 2009 749 2074 verba
770 2007 922 2090 particule
943 2027 1016 2092 que
1039 2027 1113 2074 con·

43 2112 161 2188 iuncte,
184 2114 345 2192 praesentis
368 2113 517 2196 temporis
540 2121 571 2178 et
601 2111 788 2178 coniunctivi
818 2112 911 2191 modi,
941 2116 1115 2179 amonet

40 2217 221 2298 pendentia.
265 2218 419 2302 Scriptum
442 2219 538 2302 igitur
560 2219 675 2285 fuerat:
698 2218 907 2282 Postremo
929 2218 1114 2283 vulneri·

44 2323 1115 2409 bnslignmenta,quibusquesistitursungnis,peret

42 2430 225 2512 ematque,
259 2430 423 2496 eundem
453 2429 667 2495 Milichum
698 2417 838 2494 monet.
884 2427 955 2493 Alia
977 2429 1114 2511 paranda

44 2535 137 2598 erent
160 2536 218 2617 ipsi
240 2534 370 2615 medico,
394 2537 455 2601 alia
479 2535 561 2619 apud
583 2535 837 2618 pharmacopolae
859 2534 997 2600 emenda.
1032 2536 1114 2615 [Iam

45 2641 195 2707 Heinsius
216 2642 338 2724 paret
361 2640 695 2725 exhibeatque.]*)
807 2707 809 2710 .

146 2769 227 2835 ibid.
251 2772 307 2835 71:
343 2772 462 2837 Eroti
493 2769 638 2838 dehinc
659 2772 876 2838 tribunatu
898 2816 906 2832 .
927 2817 934 2833 .
958 2818 965 2834 .
989 2817 997 2833 .
1020 2769 1114 2835 ula-

44 2877 135 2942 vius
157 2875 303 2961 Nepos,
327 2877 487 2944 Statius
509 2878 728 2958 Domitius,
748 2876 865 2963 quasi
886 2877 1112 2961 principem

96 3133 125 3200 ²¹¹)
144 3133 231 3189 Pcnlo
251 3140 315 3189 ente
333 3134 367 3200 (c.
386 3134 431 3199 51)
450 3149 512 3188 cum
531 3133 699 3188 suscitata
716 3147 766 3202 pro
791 3131 971 3186 sciscitato
995 3133 1113 3187 scriben-

148 3225 211 3280 dum
231 3242 292 3282 esse
311 3233 485 3282 annotassem
504 3229 545 3292 (-
567 3242 629 3279 nam
649 3224 718 3279 illud
743 3229 770 3278 et
795 3238 836 3290 ea,
865 3238 927 3291 quae
952 3223 1115 3280 adiiciuntur

148 3320 182 3374 de
210 3319 360 3391 superioris
387 3321 518 3389 temporis
545 3318 652 3373 incuria
677 3317 841 3384 honestatis,
858 3317 1007 3386 postulent,
1026 3333 1114 3385 neque

148 3413 338 3480 sciscitata,
366 3411 440 3480 quod
466 3412 628 3467 vocabulum
652 3410 773 3464 studium
791 3408 953 3477 exquirendi
972 3408 1115 3478 significet,

146 3511 221 3560 recte
240 3505 274 3560 de
291 3505 390 3560 notitia
408 3519 474 3559 casu
493 3510 554 3559 orta
572 3503 672 3576 dicitur
700 3507 748 3572 -),
775 3502 831 3556 vidi
857 3500 963 3571 pridem
990 3501 1019 3555 id
1045 3501 1124 3556 Ver··

146 3598 266 3652 tranium
283 3597 429 3652 invenisse.
468 3596 495 3651 C.
514 3599 550 3652 50
568 3599 644 3653 nulla
663 3602 706 3652 est
724 3595 857 3650 dubitatio
882 3594 946 3663 quin
958 3601 1115 3664 corruptum

150 3691 187 3744 sit
205 3690 346 3746 ardente
365 3690 470 3759 dom03
490 3707 579 3759 neque
598 3691 668 3745 enim
687 3690 720 3745 de
733 3704 787 3744 uno
800 3687 845 3742 illo
858 3688 979 3744 incendii
991 3695 1114 3759 tempore

148 3759 254 3852 agitur,
268 3784 316 3838 sed
334 3783 367 3838 de
385 3783 503 3839 Neronis
528 3783 722 3838 consuetudine
747 3797 819 3852 saepe
843 3781 1013 3837 occasionem
1032 3780 1115 3834 coedis

148 3879 288 3932 tentandae
306 3879 452 3948 praebenti3
480 3875 529 3930 sed
556 3875 622 3943 quid
650 3876 785 3943 subesset,
813 3891 901 3946 neque
919 3876 1036 3930 Hessius
1054 3889 1114 3942 rep·

148 3970 221 4038 perit
238 3987 330 4039 neque
350 3987 400 4040 ego
418 3987 468 4041 pro
488 3975 563 4024 certo
582 3969 701 4038 reperi0;
720 3985 781 4024 nom
796 3969 905 4037 longius
918 3968 1114 4023 discediterte

149 4062 333 4120 dormiente
353 4065 453 4119 domo.
656 4057 659 4064 ’
