2740 4572
422 285 527 340 Seneca
544 285 736 355 Philosophus.
1011 289 1069 352 211

10 395 11 464 l

39 480 213 560 exspectari
235 485 340 562 posset
360 481 548 548 adiectirnm
580 491 715 562 (cansa
746 489 948 567 perpetua
980 486 1114 553 iacta·

38 583 194 663 tionis),
217 586 302 670 quod
322 587 550 653 substantivum
572 607 658 670 pane
679 607 735 672 pro
756 589 905 675 gerundia
924 592 1045 671 passivo
1067 595 1117 658 est

10 719 12 758 ;
38 699 121 766 (cur
147 711 272 774 usque
295 693 568 772 iactentur).*)

449 942 573 1010 Plinius
597 944 710 1010 maior.
805 960 814 982 ‘

143 1094 219 1174 Qua
241 1096 279 1160 ad
301 1094 395 1160 Plinii
418 1096 577 1161 historiam
599 1097 771 1162 naturalem
794 1098 1018 1163 emendandam
1040 1118 1113 1164 oon·

35 1201 92 1263 tnli
117 1201 151 1264 in
175 1200 406 1267 Admonitu
436 1221 466 1284 p.
496 1203 558 1267 523
588 1223 664 1286 squ,
698 1203 735 1268 iis
766 1202 943 1288 adiungam,
978 1222 1047 1287 qna
1080 1205 1111 1271 in

36 1305 126 1372 libris
157 1305 453 1373 xxxv-xxxid
482 1315 589 1392 postea
613 1310 785 1388 emendavi,
819 1329 889 1375 cum
921 1329 1006 1393 pane
1040 1329 1114 1376 casu

36 1411 73 1474 ad
108 1431 164 1477 eos
193 1413 375 1498 relegendos
402 1412 526 1481 delatus
556 1435 656 1482 essem
685 1421 777 1498 alque
805 1420 872 1481 tum
894 1414 1058 1481 salisiani
1080 1421 1114 1482 et

39 1517 157 1603 Silligii
182 1521 277 1602 copiis
299 1522 412 1585 uterer.
420 1519 470 1598 **)

140 1638 211 1702 Lib.
232 1637 360 1715 XXXV,
384 1638 442 1702 20:
478 1640 618 1704 Parsis
650 1639 910 1724 gloriabatur
937 1641 1112 1706 tabellis

37 1745 1112 1830 exstinctusnuperinlongesenectaTitediusLabeo

39 1850 260 1932 praetorius
285 1896 292 1913 .
316 1898 323 1913 .
348 1875 404 1925 .f.;
437 1853 503 1917 sed
538 1873 582 1917 ea
608 1872 671 1917 res
699 1851 736 1915 in
766 1851 850 1916 risu
874 1853 995 1918 etiem
1019 1873 1112 1919 oon-

39 1956 221 2022 tumeliae
249 1960 345 2022 erat.
400 1959 600 2026 scabendum
623 1960 802 2025 manifesto:
824 1958 893 2023 sed
915 1979 957 2024 ea
980 1978 1042 2025 res
1063 1959 1112 2025 in·

39 2065 130 2138 risui,
153 2065 276 2129 etiam
300 2067 556 2132 contumeliae
578 2069 674 2132 eret.
718 2065 786 2131 Non
809 2065 909 2130 solum
927 2065 1111 2131 irridebatur

39 2170 194 2249 Titedius,
221 2172 274 2236 sed
297 2171 486 2237 contumelia
508 2172 709 2238 alliciebatur.

10 2419 12 2512 i
91 2441 118 2508 *)
139 2439 308 2508 Simpliciter
326 2443 483 2512 recipienda
502 2445 625 2498 codicum
649 2445 784 2513 scriptura
807 2459 878 2496 nuno
901 2447 1041 2511 protracta
1059 2441 1074 2511 ξ
1094 2442 1111 2495 7

140 2536 230 2602 (ergo
250 2536 283 2588 in
302 2537 364 2590 hoc
382 2535 468 2590 idem
487 2544 646 2606 poterunt
665 2535 970 2602 artificevivendi),
982 2535 1016 2589 20
1029 2535 1109 2600 (Non

138 2635 268 2683 mutata
295 2618 492 2684 feminarum
520 2637 654 2698 natura,
683 2632 741 2684 sed
768 2631 860 2684 viota
887 2636 951 2691 est3
986 2628 1109 2696 alioquin

141 2722 316 2776 scribendum
334 2730 406 2778 orat:
426 2725 496 2778 Non
523 2730 645 2777 natura
669 2725 687 2778 f.
712 2730 851 2790 mutata,
875 2723 932 2777 sed
951 2723 1021 2776 vita
1039 2722 1109 2789 eat)⁷

139 2815 175 2868 55
194 2814 268 2880 (Sed
292 2815 340 2868 nil
367 2824 456 2884 aget,
482 2818 535 2870 hoo
560 2824 610 2884 est,
633 2818 759 2885 proficiet
780 2817 952 2886 praeceptor).
987 2813 1110 2884 111526

139 2909 224 2962 torti
242 2925 329 2978 prava
341 2911 475 2966 correctio
489 2918 544 2980 ast;
559 2913 630 2966 inter
648 2919 752 2967 totam
772 2918 800 2966 et
819 2911 1007 2978 structique
1026 2910 1108 2964 intar-

139 3001 207 3055 cidit
223 3003 299 3071 prior
316 3020 381 3071 pars
400 3004 474 3058 vocis
492 3013 651 3060 remanente
671 3011 793 3060 extrema
812 3005 918 3074 syllaba
936 3004 974 3062 de
992 3004 1037 3058 vel
1053 3003 1108 3057 dae.

71 3093 115 3160 **)
138 3092 191 3160 oui
210 3111 298 3164 nuper
316 3097 399 3151 Plinii
417 3114 486 3166 opus
505 3098 665 3168 conquisitis
689 3099 885 3152 studiosissime
909 3103 936 3151 et
961 3096 1108 3165 diligentis-

141 3188 208 3241 sime
228 3188 351 3243 codicum
369 3192 629 3259 manuscriptorum
656 3190 785 3246 subsidiis
809 3189 901 3254 edidit,
927 3189 1024 3242 vellem
1045 3189 1109 3242 huic

141 3281 291 3349 diligentia*
310 3284 478 3338 adiunxisset
496 3285 695 3339 accuratiorem
708 3283 840 3338 sermonis
856 3281 945 3335 Latini
964 3282 1107 3335 scientiam

142 3382 169 3429 et
200 3375 301 3429 certius
332 3377 360 3429 in
395 3378 476 3432 rebus
514 3378 713 3445 sententiisque
749 3373 934 3441 intelligendis
970 3372 1106 3426 iudicium.

140 3467 301 3522 (iuraremus
320 3471 379 3523 eius
397 3470 505 3537 generis
524 3471 698 3538 coniecturis,
722 3469 799 3523 cuius
824 3467 974 3536 exemplum
999 3465 1027 3518 iu
1045 3465 1107 3535 ipso

140 3559 218 3615 initio
237 3561 300 3615 libri
318 3563 421 3619 XXXV
439 3563 491 3632 §4
514 3564 648 3631 obiicitur,
677 3563 730 3629 ubi,
759 3577 818 3616 cum
845 3561 879 3614 de
899 3558 1033 3628 capitibus
1052 3563 1108 3614 sta-

139 3660 247 3708 tuarum
259 3656 456 3725 permutandis,
470 3664 500 3711 ut
512 3673 582 3712 vana
594 3673 725 3712 novarum
741 3654 847 3724 species
861 3652 1004 3720 efficiatur,
1024 3652 1062 3706 sic
1080 3652 1108 3705 in

140 3738 277 3802 codicibus
305 3750 457 3804 rectissime
491 3758 519 3804 ot
550 3751 690 3819 aptissime
723 3748 870 3803 scribatur:
902 3753 938 3800 ut
970 3745 1106 3813 frangat

138 3844 235 3898 heres
263 3843 416 3912 furisque
444 3844 601 3898 detrahat
623 3844 764 3909 laqueus
787 3842 851 3907 (hoc
869 3848 919 3907 est,
943 3839 988 3893 ior
1006 3839 1106 3906 laqueo

138 3936 237 3991 iniecto
257 3943 338 4005 caput
356 3953 460 3992 aeneum
479 3936 606 3990 detrabat
623 3935 694 3989 lucri
713 3951 728 3988 e
746 3933 857 3990 metallo
871 3933 988 3988 faciendi
1004 3933 1106 3996 causa),
1135 3971 1140 3980 .

138 4045 211 4083 nunc
238 4031 291 4084 boc
318 4036 468 4083 monstrum
497 4029 639 4098 scripturae
667 4029 792 4083 effectum
826 4036 880 4082 est:
914 4034 950 4081 ut
972 4024 1106 4090 frangat

138 4121 235 4177 heres
254 4122 406 4190 forisque
425 4123 582 4176 detrahet
599 4122 727 4189 laqueo.

854 4223 904 4277 ll*
