2740 4572
525 234 645 290 Tacitus.
1014 235 1074 298 ‘239

146 429 365 498 Historiarum
386 431 438 497 lib.
463 432 503 504 ΙΙ,
526 428 544 492 i
568 431 635 508 (ubi
662 429 702 496 de
731 431 868 498 consiliis
897 433 929 497 et
955 432 1117 498 ratiocina-

39 537 184 603 tionibus
218 535 397 619 Vespusiani
433 544 465 604 ei
498 538 633 603 Muciani
667 538 800 622 spitum:
837 556 908 604 nee
947 537 1124 616 referre,-

6 635 270 714 iVitellium
312 661 358 708 an
402 642 596 710 Othonem
640 644 907 727 superstitem
951 640 1118 709 fortuna

39 750 214 814 faceret
257 749 389 815 Rebus
410 749 602 816 secundis
628 752 751 816 etiam
780 749 967 833 egregios
996 748 1119 814 dures

40 853 1120 940 insolescermdissordiamhis,ignaviam,lururie1u

40 961 107 1034 (Mz
137 957 330 1046 luxuriem
365 963 405 1027 et
435 964 607 1028 suismet
643 961 764 1028 vitiis
796 961 969 1027 alterum
990 962 1116 1036 heile,

41 1068 224 1132 alterum
246 1067 422 1134 victorin
444 1069 680 1150 periturum.
721 1067 763 1134 Ut
778 1068 922 1133 omittam
937 1068 1124 1151 pronomine

40 1173 108 1237 his
132 1171 213 1238 mire
235 1175 393 1258 tamquam
414 1175 453 1239 ab
476 1173 546 1240 aliis
568 1173 733 1240 Vitellium
756 1178 788 1240 et
807 1173 960 1240 Othonem
982 1173 1123 1256 separari·

41 1297 147 1361 neque
182 1280 277 1363 (quod
310 1281 399 1362 penei
433 1282 549 1360 stiunt)
585 1281 694 1371 Latipo
722 1281 877 1365 ignaviam
909 1279 965 1343 aut
992 1276 1117 1344 tortitu-

43 1387 171 1462 dinem,
211 1385 268 1453 hoo
300 1388 358 1463 est,
395 1387 473 1454 vitiu
512 1390 566 1454 aut
603 1385 733 1452 virtutes
771 1404 859 1452 esse
897 1385 1022 1451 alicui
1056 1383 1119 1450 diei

6 1489 7 1492 ’
43 1511 100 1574 pro
123 1509 173 1570 eo,
196 1493 278 1575 qued
300 1496 349 1559 est
375 1511 463 1561 esse
496 1493 535 1559 in
565 1493 721 1576 aliquo,
755 1494 824 1576 quis
846 1511 906 1558 non
930 1491 1039 1556 leviter
1060 1490 1117 1555 sd·

43 1598 186 1663 monitus
219 1600 315 1664 sentit
341 1599 476 1666 inaniter
510 1617 635 1682 prorsus
665 1598 736 1680 diei,
772 1600 853 1664 iuter
886 1594 1049 1663 Vitellium
1085 1597 1126 1660 et.-

44 1705 205 1769 Othonem
228 1703 416 1770 discordiam
437 1708 528 1772 esse?
571 1706 732 1772 Postremo
760 1704 838 1771 illud
861 1704 1035 1770 suismet
1056 1703 1117 1767 vi·

44 1812 121 1877 tiis
136 1809 310 1882 ¹manifesto
332 1812 516 1878 eontrarium
538 1810 662 1894 ponitur
682 1811 770 1877 vitiis
793 1814 824 1875 et
846 1809 989 1876 interitus
1005 1808 1122 1884 esuris*

45 1935 115 1998 quor
138 1917 171 1980 in
193 1915 261 1982 aliis
283 1917 355 1983 sint.
398 1918 496 1983 Reeta
516 1919 671 1984 sententia
692 1925 723 1983 et
744 1917 842 1984 oratio
865 1918 931 1983 haee
952 1915 1028 1982 erit:
1050 1913 1119 1982 (iis-

45 2021 161 2089 aoriia
182 2021 304 2096 militis,
327 2023 471 2108 ignaria,
494 2023 624 2092 luxurie
654 2026 693 2090 et
721 2023 894 2088 suismet
915 2021 1035 2088 vitiis
1056 2020 1120 2085 al·

46 2132 177 2206 terum
201 2128 328 2205 bollo,
350 2129 524 2194 alterum
544 2127 725 2195 'victoria
744 2127 981 2210 periturum.
1004 2124 1115 2191 Ortum

49 2237 97 2298 est
119 2234 279 2313 mendum,
302 2253 370 2300 cum
393 2235 494 2318 prima
512 2234 619 2300 littera
632 2233 774 2302 voeabuli
796 2232 948 2297 militis
970 2231 1126 2313 superiori.
1148 2261 1152 2268 ·

50 2341 199 2406 vocabulo
220 2341 409 2408 adhaesisset.

152 2563 232 2630 Ibid.
249 2564 289 2627 76
305 2566 349 2641 (in
365 2565 502 2632 Muciani
517 2565 556 2632 ad
572 2565 795 2648 Vespasianum
819 2561 985 2638 orationem
1010 2559 1127 2626 Abiit

51 2671 127 2735 iam
164 2675 203 2736 et
238 2675 517 2738 transvectum
553 2676 615 2738 est
650 2674 824 2753 tempus,
869 2687 943 2753 quo
979 2685 1119 2750 posses

52 2777 184 2841 videri
220 2779 478 2860 eoueupisse;
516 2777 830 2863 confugiendum
865 2779 927 2842 est
962 2775 1007 2840 ad
1044 2774 1121 2838 im·

49 2883 215 2963 perium.
259 2885 385 2951 Frustra
406 2884 472 2951 hae
498 2887 660 2952 Ernestius
690 2885 831 2968 expedire
854 2887 886 2948 et
907 2881 1006 2967 Lipsii
1028 2881 1125 2947 dubi-

50 2989 200 3054 tationem
239 2990 347 3056 tellere
383 2995 525 3067 sonatum
569 3011 641 3056 nam
677 3010 712 3056 ex
746 2992 802 3068 iis,
838 3009 906 3072 quae
942 2990 1126 3072 praeoeduut

51 3095 229 3169 (etiamsi
251 3097 329 3164 tibi
351 3116 465 3180 quam
486 3097 715 3175 inhonesta,
738 3091 816 3160 tam
840 3096 926 3159 tuta
948 3097 1128 3160 servitus

52 3205 183 3279 esset),
206 3202 435 3285 apertissimum
456 3205 504 3270 est
516 3204 583 3282 ¹heo
604 3202 785 3268 Mucianum
806 3200 917 3276 dicere,
942 3200 1041 3264 abisse
1057 3199 1127 3263 iam

50 3307 80 3369 id
114 3309 248 3391 tempus,
281 3328 341 3392 quo
374 3311 430 3374 sub
463 3309 563 3391 speeie
596 3309 700 3391 aliqua
732 3303 912 3370 innoeeutiae‘
942 3308 974 3369 et
1006 3302 1125 3385 quietis.

50 3411 147 3480 latere
181 3414 389 3498 Vespasianus
422 3417 588 3498 potuisset,
621 3412 846 3494 manifestoque
882 3410 943 3473 iarn
983 3408 1119 3472 affectati

51 3519 174 3602 imperii
198 3521 325 3587 erimine
348 3540 418 3587 eum
440 3523 620 3604 periturum,
643 3518 705 3585 nisi
719 3517 758 3584 ad
773 3513 936 3598 imperium
952 3512 1127 3598 confugiat..

54 3627 101 3690 Ad
125 3629 206 3692 haue
228 3627 414 3692 sententiam
444 3626 667 3693 accommodari
697 3624 789 3690 rerba
815 3640 957 3706 posses
986 3619 1120 3685 videri

54 3732 293 3816 conrupisse
319 3732 404 3798 nullo
433 3734 523 3797 modo
554 3733 690 3814 possunt,
714 3731 767 3796 sed
789 3747 915 3812 prorsus
934 3725 1121 3791 eontrarium

55 3839 237 3922 significant,
260 3841 362 3906 abisse
384 3841 445 3904 iam
470 3841 604 3919 tempus,
633 3855 692 3920 quo
719 3835 852 3918 suspieio
875 3833 980 3917 aliqua
1000 3831 1119 3912 eupidi-

54 3947 126 4010 taiis
149 3945 272 4028 imperii
294 3951 327 4011 in
349 3945 574 4028 Vespasianum
596 3941 703 4009 ooniioi
725 3946 838 4024 posset.
889 3940 936 4018 Io,
967 3937 1049 4023 quod
1071 3957 1119 4000 re·

55 4051 195 4133 quiritur,
226 4053 377 4118 efficietur
405 4070 467 4116 una
494 4049 601 4115 littera
629 4051 759 4127 mutatu.
791 4052 827 4114 ut
855 4045 1127 4126 mutatumque
