2712 4576
285 252 343 314 158
640 249 701 304 Lib.
720 247 756 302 ΙΙ.
775 247 840 318 Cap,
859 247 909 302 Ill.

239 447 389 523 tentia3
423 449 468 514 de
500 446 592 514 illis
621 450 752 514 antem
782 466 857 514 non
879 445 1058 513 arbitror
1081 445 1320 525 teexspec-

239 553 651 639 tare,quidsent1am.
687 553 857 620 Pronomen
871 552 980 630 illis,
997 571 1056 636 qno
1071 549 1229 628 referatur,
1246 568 1318 615 non

239 661 334 727 habet
366 668 606 737 (communes
639 658 814 726 miseriae
845 658 979 743 intelligi
1011 658 1063 725 hic
1094 657 1179 722 nullo
1217 656 1321 723 modo

239 770 389 850 possunt).
433 765 496 832 Scr.
521 767 564 832 de
587 764 671 833 aliis.
717 767 751 830 ln
773 767 862 832 nnius
878 765 1006 832 Caesaris
1021 763 1182 830 voluntate
1205 761 1319 826 omnia
1346 829 1347 840 ,

238 874 338 955 posita
359 891 425 938 esse
440 872 546 938 Cicero
569 871 653 951 dicit,
676 871 715 938 de
739 872 851 938 ceteris
872 872 984 938 inutile
1006 889 1074 936 esse
1096 870 1205 935 dicere.
1240 869 1316 950 [Sic

238 981 301 1045 iam
324 981 493 1045 Ernestins.
538 978 565 1045 0
588 978 740 1045 editorum
763 979 1020 1064 negligentiamt]

341 1086 418 1152 lbid.
444 1085 520 1172 §32
543 1083 752 1168 Equidem,
783 1103 851 1150 nos
881 1086 984 1168 qnod
1006 1087 1133 1150 Rome
1156 1100 1315 1160 sumuS,

238 1193 508 1259 miserrimum
531 1209 619 1256 esse
642 1191 749 1258 duco.
793 1190 894 1256 Codex
911 1190 995 1257 Med.
1018 1189 1088 1274 qui
1109 1193 1140 1254 et
1162 1190 1315 1254 miser·
1347 1201 1348 1230 ³

239 1300 348 1364 rimo.
381 1298 462 1363 Son:
484 1315 570 1374 nos,
596 1297 662 1377 qui
685 1297 812 1362 Romae
835 1315 977 1376 snmus,
1000 1296 1195 1363 miserrimos
1219 1313 1314 1359 esse

239 1406 348 1470 duco.
392 1403 487 1469 Suam
509 1401 667 1467 miseriam
687 1404 857 1468 ceterorum
872 1403 998 1469 miseria
1012 1402 1183 1487 graviorem
1199 1399 1316 1467 Cicero

238 1511 336 1593 putat.
1120 1547 1123 1554 ·
1348 1550 1349 1596 ,

340 1614 528 1694 lbid.10,5r
550 1634 637 1680 nam
659 1617 699 1681 et
719 1616 822 1700 ipse,
838 1616 906 1700 qni
928 1613 1143 1696 plurimum
1165 1615 1315 1695 potest,
1348 1607 1349 1638 ³

239 1720 425 1806 qnotidie
448 1720 546 1786 milri
569 1721 703 1787 delabi
726 1721 772 1786 ad
796 1723 1029 1805 aequitatem
1053 1721 1157 1786 etad
1180 1739 1312 1786 rerum

238 1830 419 1893 naturam
441 1825 618 1905 videtur,
652 1828 807 1910 etipsa
836 1846 956 1892 eausa
984 1845 1028 1892 eu
1057 1829 1134 1903 est,
1163 1827 1207 1890 ut
1229 1825 1310 1891 iam

238 1933 357 1998 simul
380 1951 463 1998 cum
485 1951 524 1997 re
545 1932 1054 2014 publica....necessario
1073 1933 1313 1998 revivescat

238 2042 357 2122 atque
371 2040 580 2103 recreetur
594 2040 652 2104 eet.
671 2039 754 2118 Quid
765 2041 822 2106 hoc
832 2042 881 2106 est
893 2040 1031 2118 monstri,
1038 2039 1190 2106 Caesarem
1202 2039 1311 2104 delabi

237 2146 274 2210 ad
297 2165 399 2210 rerum
420 2146 572 2225 naturam,
595 2145 684 2227 quasi
706 2146 852 2211 hactenus
876 2148 961 2212 extre
983 2165 1051 2214 eam
1073 2145 1200 2228 eiusque
1216 2145 1309 2229 leges

235 2252 355 2336 positus
377 2251 491 2317 fuerit?
532 2251 735 2317 scribendum
757 2252 822 2318 est:
846 2252 980 2318 delabi
1002 2252 1048 2318 ed
1070 2251 1309 2335 aequitatem
1350 2281 1351 2356 p

237 2359 276 2423 et
307 2357 353 2422 ad
386 2374 498 2424 verum
530 2359 651 2425 natura
682 2356 856 2422 uidetur.
910 2359 985 2424 Haec
1014 2359 1180 2435 inclinatio,
1210 2375 1310 2440 qnam
1350 2357 1351 2396 ³

236 2463 333 2547 ipsius
355 2463 485 2530 deseris
502 2467 611 2529 natura
625 2464 729 2541 elficit,
750 2465 949 2550 coniungitur,
959 2484 1029 2532 cum
1046 2483 1144 2531 causae
1158 2463 1312 2532 Trebiani

236 2570 429 2637 necessitate.

336 2675 413 2742 lbid.
440 2676 509 2754 Vll,
534 2677 561 2753 1,
587 2678 621 2741 l:
644 2677 780 2760 Neque
803 2681 936 2742 tamen
966 2677 1121 2752 dubito,
1144 2675 1240 2759 quin
1263 2679 1310 2741 tu

236 2783 275 2848 in
296 2781 370 2846 illo
392 2781 581 2848 cubiculo
604 2783 689 2862 tuo,
712 2801 754 2847 ex
776 2801 849 2866 quo
871 2782 1202 2850 tibiStsbiuunm
1218 2801 1311 2864 pcr-¹

234 2887 385 2953 iorasti
417 2890 456 2952 et
486 2888 729 2968 patefecisti
762 2888 976 2968 Misenum,
1013 2908 1082 2970 per
1118 2905 1183 2953 eos
1216 2889 1305 2953 dies

234 2992 438 3062 matutino
468 2997 650 3076 tempora
680 2994 954 3060 lectiunculis
984 2997 1303 3076 consumpseris,

234 3119 318 3166 curn
340 3098 408 3164 illi
429 3100 604 3179 interea,
628 3102 693 3184 qni
715 3102 753 3165 te
775 3100 874 3166 istic
895 3099 1171 3184 reliquerunt,
1191 3119 1307 3182 spec·-

233 3208 369 3272 tarent
401 3206 619 3272 communis
651 3208 790 3271 mimos
819 3207 1062 3274 semisomni.
1113 3206 1173 3285 Qui
1196 3226 1307 3271 com-

234 3332 368 3380 munes
400 3312 489 3379 mimi
518 3312 588 3390 sint,
622 3330 747 3394 prorsus
769 3312 936 3390 uescique
958 3330 997 3377 ne
1019 3313 1046 3378 si
1068 3312 1210 3396 vulgares
1234 3315 1302 3396 qni-

234 3421 302 3485 dem
333 3421 366 3485 et
395 3419 524 3484 obsoleti
552 3417 737 3498 dicerentur,
767 3418 842 3503 qnid
872 3437 908 3485 ea
935 3418 1119 3502 significatio
1151 3417 1301 3484 adhunc

233 3526 337 3591 locum
370 3524 547 3608 pertineret,
580 3525 796 3610 intelligerem.
853 3525 925 3590 Sine
955 3525 1047 3590 dubio
1076 3524 1181 3590 (licere
1203 3527 1299 3608 scrip·

232 3632 329 3696 serat:
352 3629 589 3714 spectarent
607 3630 779 3697 comminus
799 3630 948 3697 mimos.
982 3630 1196 3713 Spectaculum
1212 3649 1301 3695 com-

232 3733 334 3799 minus
361 3733 457 3799 oculis
485 3735 660 3802 subiectum
687 3737 795 3802 ludens
825 3735 930 3802 Cicero
959 3737 1115 3819 comparat
1136 3754 1207 3800 cum
1228 3757 1298 3820 pro-

231 3839 338 3923 spectu
367 3839 532 3926 longinquo
563 3861 748 3909 amoenorum
777 3843 927 3921 locorum,
960 3861 1052 3926 quem
1086 3839 1146 3907 sibi
1180 3840 1302 3907 Murius

231 3964 248 4010 e
270 3945 410 4012 cubiculo
432 3949 601 4030 paraverat

332 4063 410 4129 lbid.
435 4063 484 4138 13,
507 4064 542 4128 1:
566 4063 725 4130 Adeone
746 4085 803 4131 me
824 4067 1022 4132 iniustum
1046 4085 1134 4134 esse
1156 4067 1298 4133 existi=
