2740 4572
268 282 328 345 212
628 280 689 335 Lib.
708 281 743 334 IL
764 281 830 349 Cup.
848 277 895 334 IV.

324 477 404 544 Ibid.
419 481 478 544 41:
502 464 780 544 A'tramentum
803 494 958 560 quoque
981 475 1090 540 iuter
1113 474 1315 540 facticios

225 586 368 663 (colores)
400 585 497 662 erit,
531 603 766 668 quamquam
803 584 866 647 est
902 586 940 646 et
976 585 1096 646 terre
1128 580 1314 666 geminae

223 691 409 775 originis.
431 693 510 756 Aut
532 690 636 755 enim
658 692 716 756 cet.
751 689 920 756 Genetirus
941 688 1060 752 terra
1080 686 1153 752 ferri
1174 684 1314 770 nequit;

225 795 437 864 scribendum:
466 815 703 881 quamquam
733 797 796 862 est
824 797 864 860 et
884 795 986 877 <e>
1007 797 1109 868 terra,
1131 793 1314 876 geminae

224 903 416 988 originis,
449 904 518 970 eut
550 905 652 969 enim
687 907 746 968 eet.
801 903 924 966 'lerra
960 918 1015 981 pro
1052 903 1168 964 terrae
1203 899 1310 964 etiam

225 1009 344 1076 codices
366 1008 502 1093 quidam.

326 1114 407 1180 lbid.
431 1117 488 1180 97:
512 1115 636 1181 Unum
658 1115 830 1193 (invectum
854 1112 987 1194 Apellis)
1003 1109 1160 1176 imitari
1184 1126 1307 1173 neruo

226 1224 377 1306 potuit,
407 1221 510 1305 quod
539 1221 729 1286 absoluta
757 1237 878 1300 opera
900 1217 1126 1284 stramento
1148 1212 1306 1279 illine-

222 1329 292 1393 'bal
313 1329 372 1393 ita
393 1328 524 1403 terrui,
546 1327 589 1392 ut
610 1328 646 1391 id
669 1327 797 1408 ipsum
821 1320 1306 1407 repercussuelaritatis

77 1419 88 1506 ⁵,
224 1433 401 1500 colorem
433 1432 557 1498 aliurn
591 1434 793 1497 excitaret
814 1429 1126 1511 custodiretque
1157 1446 1175 1491 a
1205 1428 1307 1510 pul-

225 1559 317 1605 vere
339 1542 377 1604 et
399 1538 589 1604 sordibus
612 1544 670 1603 cet.
715 1541 748 1602 ln
770 1539 943 1602 almmento
965 1535 1051 1600 nulla
1072 1536 1140 1599 erat
1160 1534 1308 1604 claritas.

226 1649 281 1711 uec
314 1665 350 1711 co
384 1645 468 1710 color
500 1645 580 1708 alius
615 1644 813 1720 efficiebatur,
847 1642 901 1706 sed
930 1641 1046 1706 colores
1078 1641 1141 1717 alii,
1165 1641 1218 1724 qui
1244 1641 1307 1705 sub

224 1751 397 1813 atramento
420 1754 516 1826 erant
539 1769 717 1831 repercussu
733 1748 847 1814 clarius
862 1748 1162 1829 exsplendescebant.
1196 1747 1306 1828 Serip-

226 1856 294 1917 tum
316 1854 430 1918 luerat:
452 1859 494 1919 ut
522 1856 560 1920 id
591 1857 722 1939 ipsum
753 1872 995 1937 repercussu
1019 1852 1188 1920 claritates
1211 1855 1305 1920 colo·

225 1976 298 2025 rum
330 1956 466 2026 aliorum
504 1962 705 2027 excitaret
738 1963 797 2028 cet.
855 1959 1081 2025 Claritatee
1117 1958 1303 2024 colorum

225 2065 319 2130 etiam
342 2065 373 2129 iu
397 2065 553 2132 codicibus
576 2086 634 2131 nou
657 2068 761 2151 paucis
783 2065 935 2132 scribitur.

324 2171 570 2256 lbid.132sq.:
604 2173 722 2238 Fecit
754 2174 793 2237 et
823 2171 990 2257 grandis
1021 2172 1224 2254 picturas,
1263 2172 1301 2236 iu
1356 2169 1357 2253 l

227 2277 373 2360 quibus
396 2282 488 2343 sunt
510 2277 680 2363 Calypso
704 2280 742 2342 et
764 2279 804 2343 lo
828 2279 866 2342 et
888 2279 1159 2356 Andromeda,
1181 2278 1302 2344 Alex·

225 2384 347 2449 ander
370 2403 524 2468 quoque
547 2385 584 2449 iu
606 2382 785 2467 Pompeii
807 2385 1037 2466 porticibus
1056 2383 1301 2465 praecellens

224 2493 263 2554 et
301 2490 473 2576 Calypso
510 2492 663 2556 sedens.
730 2489 831 2555 Huic
868 2490 996 2556 eidem
1035 2491 1302 2555 ascribuntur

224 2596 525 2678 quadrupedes,
548 2599 819 2680 prosperrime
842 2616 967 2663 canes·
982 2596 1195 2679 expressit.
1223 2594 1300 2660 Pic-

224 2703 284 2766 tcri
316 2700 408 2765 alicui
442 2703 635 2767 ascribuntur
656 2723 715 2770 non
739 2703 858 2769 infinite
880 2703 1101 2785 quadrupedes,
1128 2704 1180 2768 sed
1203 2705 1299 2768 certae

224 2808 256 2869 et
277 2808 357 2869 notae
380 2805 540 2890 imagines.
586 2810 644 2872 Pro
665 2807 966 2891 quadrupedes,
998 2827 1091 2890 quam
1112 2827 1218 2874 vocem
1242 2829 1298 2892 ap·

224 2912 313 2992 paret
334 2928 404 2976 eum
426 2911 488 2976 illis
510 2916 784 2996 prosperrime
816 2933 934 2980 curres
964 2916 1167 2997 expressit
1194 2916 1298 2980 cohae·

226 3033 303 3089 rere,
327 3016 420 3080 codex
435 3018 571 3099 optimus
586 3020 806 3086 Riccardianus
829 3027 860 3087 et
882 3022 961 3086 alius
985 3021 1099 3086 habent
1120 3022 1297 3104 quadru-

224 3122 375 3204 pedem.
419 3123 560 3190 illicitur
574 3127 685 3211 igitur:
709 3128 824 3193 Fecit
846 3131 885 3192 et
906 3126 1073 3212 grandis
1096 3128 1296 3210 picturas,

225 3230 263 3293 in
287 3229 432 3310 quibus
455 3236 548 3296 sunt
652 3235 913 3299 Andromeda.
945 3233 1176 3298 Alexander
1198 3253 1296 3317 quo-

225 3353 298 3416 que
334 3336 372 3401 in
406 3336 588 3420 Pompeii
621 3340 851 3420 porticibus
883 3338 1124 3423 praecellens
1154 3341 1192 3404 et
1223 3339 1296 3404 Ce—
1354 3399 1355 3414 ,

226 3441 340 3524 lypsc
369 3443 514 3510 sedens
544 3446 636 3510 huie
666 3445 793 3510 eidem
823 3445 1094 3512 ascribuntur.
1148 3445 1296 3522 Quadra·
1354 3437 1355 3464 ¹

226 3546 343 3632 pedum
375 3553 646 3631 prosperrime
679 3569 796 3617 canes
830 3553 1045 3634 expressit.
1090 3552 1135 3617 Ex
1157 3551 1294 3636 pluribus

227 3653 389 3736 generibus
418 3655 658 3738 quadrupedum,
684 3676 760 3740 quas
789 3658 943 3742 pingendo
971 3658 1148 3723 reddiderat
1176 3657 1292 3732 artifex,

227 3760 427 3840 prosperrime
449 3762 478 3825 ei
500 3781 548 3825 res
570 3765 601 3826 iu
624 3764 750 3828 canibus
774 3767 969 3830 successerat.
1012 3765 1058 3829 De
1080 3765 1216 3848 genetivi
1237 3783 1292 3830 usu

228 3866 277 3943 cl,
301 3866 326 3928 si
350 3885 425 3947 opus
448 3869 505 3944 est,
526 3867 579 3944 Xl,
610 3869 677 3930 130.

230 3964 235 3972 ’
328 3983 404 4047 lbid.
431 3985 488 4046 lul
520 3985 589 4062 (ubi
621 3987 761 4065 refertur,
791 4007 858 4070 quae
893 3989 935 4052 M.
966 3989 1061 4054 Varro
1096 3988 1133 4052 de
1167 3989 1293 4071 plastica
1353 4049 1354 4080 3

228 4088 419 4165 tradider·it):
471 4090 673 4156 Praeterea
721 4093 971 4160 elaboratum
1021 4094 1120 4160 hanc
1169 4096 1290 4159 artem
