2740 4572
519 253 641 308 Tacitus.
1011 254 1070 315 241

39 467 160 515 ususve
184 449 295 515 saltem
319 468 354 516 er
375 450 481 534 aliqua
510 450 596 533 parta
627 448 736 514 similis
759 450 931 532 exemplum
952 450 1115 534 reperitur.

38 557 96 620 aut
134 573 333 637 praesumo
365 556 408 620 ut
439 555 646 633 inimicus,
676 557 863 640 omninoque
883 555 1115 622 inimicitiarum

39 660 166 725 mentio
188 659 292 744 inepta
315 661 372 739 est.
396 662 555 745 tamquam
577 663 603 727 si
625 661 762 745 proprias
777 681 813 728 ao
828 662 962 744 priuatus
978 661 1116 726 Flaviani

6 783 7 824 2
41 765 141 831 dnoes
166 785 235 830 oum
258 765 386 832 Vitellio
407 766 585 838 inimicitias
600 768 774 834 habuerint.
810 767 931 834 Relioto
945 768 1116 849 zeugmate,
1155 825 1158 829 .

40 872 156 954 quoin
174 872 380 955 superioribus
401 875 549 939 membris
570 893 605 939 er
626 891 917 956 prasumpsera
938 873 1117 937 obversatur

6 1001 8 1108 p
43 976 226 1041 communis
258 978 408 1044 seniendi
439 978 621 1064 loquendive
654 979 850 1064 significatio,
883 998 919 1046 er
947 997 1040 1061 pravo
1062 979 1116 1046 illo

42 1086 86 1149 ut
122 1083 289 1150 inimici
330 1085 496 1151 eruendum
534 1089 590 1164 est,
628 1087 709 1170 quod
744 1085 777 1152 et
810 1086 1016 1169 superioribus
1051 1086 1117 1151 illis

6 1227 8 1306 ι
43 1189 288 1274 magnifiee,
324 1190 523 1269 fidenter,
559 1192 693 1258 seouri
728 1191 914 1275 respondeat
949 1194 982 1257 ot
1015 1191 1118 1276 ipsum

6 1307 7 1374 l
44 1295 258 1379 praesumendi
286 1297 416 1364 verbum
446 1299 517 1380 apto
546 1298 683 1382 expleat3
719 1297 753 1363 id
781 1297 970 1375 huiusmodi,
1002 1299 1117 1382 opinor,

6 1381 7 1398 ¹
46 1405 123 1468 erit:
148 1402 187 1465 iu
205 1401 422 1468 Vitellium
445 1401 602 1470 utiminia
623 1422 924 1486 praesumpsere.
948 1405 1046 1472 Reate
1068 1424 1118 1470 er·

46 1508 197 1592 primitur
212 1506 1119 1594 audaciaetmntemptususqueadminasprogradians.*)

156 1673 234 1740 ibid.
261 1675 320 1740 39:
354 1676 479 1740 Blaeso
507 1694 627 1759 super
655 1675 889 1756 claritatem
920 1677 1120 1743 natalium

49 1786 89 1847 et
111 1782 364 1865 elegantiam
386 1800 536 1847 morum
556 1782 656 1846 fidei
680 1782 908 1849 obstinatio
930 1785 1019 1850 luit
1052 1784 1120 1849 Nou

49 1890 135 1954 reete
156 1887 226 1967 diui,
244 1886 345 1954 Blaeso
367 1887 461 1954 fuisse
482 1887 723 1954 obstinationem
744 1888 815 1955 fidei
840 1889 892 1967 (de
911 1889 1122 1975 virtuteque

48 1995 82 2058 in
106 1994 211 2059 Blaeso
233 1993 349 2073 fuerit),
370 2014 461 2077 supra
475 1996 609 2060 breuiter
624 1995 813 2078 significavi3
835 2015 935 2080 neque
950 1999 1052 2082 agitur
1066 1997 1123 2062 hoo

6 2099 8 2164 l
50 2103 129 2178 loco,
153 2098 226 2183 quid
248 2103 280 2164 in
302 2100 401 2166 Blaeso
423 2101 523 2178 inerit,
547 2102 612 2178 sed,
633 2105 668 2166 ut
690 2121 706 2165 e
729 2101 875 2182 proximis
897 2103 1122 2186 apparatuum

6 2179 8 2262 ἶ
52 2208 82 2272 ei
105 2207 221 2272 exitum
246 2207 361 2290 pararit
383 2210 413 2271 et
432 2207 594 2272 festinarit.
623 2206 842 2304 §oribandnmr
865 2206 967 2272 fidei
990 2208 1124 2273 obsti-

6 2349 7 2360 κ
54 2313 169 2378 natio
192 2312 305 2379 obtuit
348 2311 461 2378 Noouit
483 2313 621 2378 eiusdem
642 2312 756 2378 litterae
778 2313 958 2397 geminatio.

157 2479 235 2545 lbid.
253 2481 310 2544 70:
333 2480 434 2546 Luae
456 2481 584 2563 prima
605 2479 777 2546 Sabinus
794 2526 885 2543 .....
900 2476 1123 2545 Cornelium

56 2585 291 2651 Martialem
316 2606 331 2650 a
357 2585 688 2668 primipilaribus
710 2587 755 2653 ad
777 2585 994 2651 Vitellium
1016 2584 1126 2650 misit

7 2777 8 2780 Ἴ
57 2711 142 2758 cnm
165 2691 370 2757 mandatis
393 2694 606 2776 etquestu‚
623 2694 721 2777 qnod
742 2693 855 2775 pacta
875 2692 1126 2758 turbarentur

58 2800 118 2863 oet.
155 2797 264 2882 Neque
286 2798 396 2863 Latine
416 2798 527 2864 dicitnr
548 2798 713 2867 mittere
736 2819 820 2865 unm
842 2800 1006 2881 questu,
1028 2817 1128 2881 neque

59 2906 143 2971 reate
158 2904 204 2970 ita
218 2904 401 2986 copulantur
412 2905 559 2970 mandata
574 2910 605 2970 et
620 2911 759 2990 questus,
773 2907 860 2990 quasi
876 2907 970 2972 etiam
985 2905 1129 2969 mandata

7 3009 9 3088 l
58 3012 96 3076 ad
113 3011 197 3093 paoti
210 3009 417 3076 turbationem
429 3011 611 3102 pertineant.
634 3012 755 3077 Excidit
769 3010 888 3084 lineola.
900 3032 969 3079 oum
981 3012 1128 3093 seriptum

59 3118 160 3182 esset:
183 3136 266 3182 oum
290 3116 493 3182 mandatis
516 3120 554 3181 et
575 3115 739 3200 questum,
768 3117 870 3198 quod
899 3117 1016 3197 paota
1043 3119 1127 3181 tur-

7 3255 8 3278 i
61 3225 268 3288 barentur.
314 3221 365 3288 Siu
385 3225 467 3288 route
487 3220 554 3286 duae
577 3220 721 3285 mittendi
744 3238 843 3285 oausae
866 3223 1055 3302 separantur.

8 3527 9 3576 p
115 3509 143 3570 *l
165 3508 194 3561 C.
218 3507 253 3562 13
279 3507 358 3564 valde
385 3507 479 3562 dubito
504 3511 613 3562 reotene
643 3505 751 3560 dicatur
776 3502 960 3574 proditionem
986 3501 1018 3556 in
1046 3501 1133 3558 fama

8 3583 9 3600 ¹
166 3616 237 3669 esse,
264 3606 296 3655 ut
327 3598 496 3669 significetur
522 3599 581 3656 eius
606 3597 706 3652 famam
733 3595 853 3665 evulgari
881 3601 909 3650 et
934 3609 1053 3649 manare.
1101 3596 1135 3648 In

165 3701 285 3750 mentem
304 3692 446 3748 veniebat:
471 3691 494 3747 it
511 3691 598 3748 iamt
614 3690 778 3762 proditio,
803 3687 926 3744 sednon
944 3685 1051 3742 confido
1070 3703 1132 3741 con·

165 3788 290 3843 iecturae.
346 3788 375 3842 C.
403 3787 438 3840 20
464 3791 539 3840 reete
567 3784 695 3839 librarius
725 3781 827 3850 aliquis
853 3780 1025 3836 intellexerat
1054 3778 1134 3834 nimis

166 3881 288 3937 breviter
305 3879 360 3935 dici
385 3885 571 3944 ceteraque
597 3877 673 3932 usui
696 3874 788 3930 dativo
811 3873 847 3928 ad
869 3879 983 3928 uetera
1005 3871 1134 3928 adiuncto

168 3972 371 4042 geminatisque
388 3970 489 4026 litteris
507 3968 681 4025 scribendum
700 3983 774 4024 esse:
793 3972 987 4035 ceteraque,
1006 3967 1135 4034 <pnae>

168 4067 259 4133 usui,
279 4064 360 4120 modo
379 4079 414 4119 ne
433 4062 545 4118 iurent
562 4060 721 4127 addidisset,
740 4076 794 4128 quo
813 4057 881 4113 nihil
899 4073 968 4127 opus
986 4062 1036 4112 est

901 4172 935 4226 16
