2712 4576
270 236 311 300 88
641 236 701 290 nio.
721 236 757 290 11.
777 235 842 304 cap.
861 237 882 289 1.

229 434 507 516 peperissent,
550 433 832 516 perfecerunt,
876 434 919 497 ut
956 481 963 500 .
995 481 1002 498 .
1040 431 1298 499 auctoritate

229 540 321 623 plus
343 542 465 606 etiam
487 559 600 624 quam
621 539 710 621 ipso
736 539 904 620 ingenio
925 539 1125 605 valerent.

331 703 408 768 lbid.
438 704 516 768 219:
549 702 665 768 nobis
697 709 847 780 tamen,
880 704 947 788 qui
980 704 1018 766 in
1052 703 1124 769 hoc
1154 701 1298 786 populo

230 810 399 893 foroque
428 828 652 887 versamur,
683 811 788 875 satis
819 813 879 874 est
901 827 943 874 eo
967 809 1011 873 de
1033 809 1213 874 moribus
1234 805 1298 871 ho·

229 918 374 980 minum
398 916 437 981 et
466 915 570 981 scire
600 920 638 980 et
667 915 821 990 dicere,
857 935 939 1000 quae
973 933 1047 980 non
1079 911 1296 980 abhorrent

231 1024 275 1087 ab
298 1021 499 1087 hominum
521 1022 713 1090 moribus.
767 1022 885 1088 Vitiosa
915 1040 1094 1087 concurrere
1117 1022 1160 1087 de
1183 1022 1298 1087 mori·

228 1129 302 1194 bus
324 1127 526 1193 hominum
550 1129 582 1192 et
603 1130 648 1194 ab
677 1129 881 1194 hominum
911 1128 1088 1194 moribus
1110 1128 1230 1211 pridem
1249 1128 1294 1191 in-

229 1236 390 1301 tellectum
420 1235 482 1312 est;
513 1235 565 1300 sed
594 1235 699 1300 mendi
728 1235 816 1300 sedes
838 1253 907 1312 non,
930 1236 965 1299 ut
986 1233 1146 1300 Emes'tius
1169 1235 1298 1315 putarit,

229 1341 262 1407 in
285 1341 436 1424 prioribus
458 1341 560 1406 verbis
583 1343 639 1415 est,
674 1360 740 1425 quae
769 1344 851 1406 recte
877 1342 924 1417 iis,
953 1359 1021 1423 quae
1043 1341 1227 1421 praecedunt,
1249 1360 1298 1406 re·

231 1447 391 1530 spondent,
426 1448 478 1512 sed
512 1447 611 1512 altero
643 1447 728 1524 loco;
762 1466 861 1530 neque
894 1446 976 1512 enirn
1007 1447 1108 1511 orator·
1138 1446 1177 1511 ad
1200 1465 1298 1510 mores

201 1589 203 1592 ·
232 1554 392 1618 hominum
425 1554 586 1619 seientiam
620 1573 708 1618 suam
741 1554 970 1637 orationemque
1001 1553 1222 1630 accommodet,
1245 1553 1295 1618 sed

232 1659 271 1724 ad
294 1660 411 1724 animos
434 1662 466 1725 et
488 1661 662 1726 voluntates
685 1662 718 1726 et
739 1657 779 1724 ed
800 1659 843 1742 id,
867 1660 948 1742 quod
971 1659 1104 1724 libenter
1123 1659 1295 1723 admittitur·

233 1765 424 1849 audituique.
478 1766 617 1849 Simplici
640 1768 744 1832 littera
771 1786 803 1830 m
832 1766 977 1831 restituta
997 1784 1051 1847 pro
1074 1765 1241 1849 geminata,
1263 1784 1299 1830 er

232 1871 290 1936 hae
322 1871 486 1954 scriptura:
521 1874 567 1938 ab
595 1873 801 1938 hominum
834 1872 974 1937 oritus
1007 1870 1154 1938 facillimo
1185 1873 1299 1937 eruitur

233 1996 352 2042 verum:
376 1996 458 2060 quae
479 1997 553 2045 non
576 1980 799 2045 abhorrent
821 1979 864 2043 ab
886 1979 1090 2045 hominum
1112 1977 1299 2052 auritus,

232 2085 289 2150 hoc
311 2086 366 2162 est,
391 2104 459 2168 quae
480 2085 543 2152 illae
566 2084 698 2151 libenter
720 2084 882 2167 accipiunt.

334 2249 413 2318 lbid.
436 2255 516 2321 236:
540 2254 634 2320 Nam
658 2254 691 2320 si
712 2252 772 2317 ita
795 2250 969 2326 diceres,
994 2251 1064 2335 qui
1085 2251 1188 2317 iuris
1214 2271 1297 2316 con·

234 2359 372 2424 sultus
395 2365 524 2436 esset,
550 2381 639 2428 esse
663 2380 745 2427 euru
770 2359 996 2433 oratorem,
1025 2358 1203 2441 itemque
1232 2357 1297 2440 qui

234 2466 345 2530 esset
383 2471 537 2544 orator,
579 2467 684 2532 iuris
725 2463 894 2530 cundem
929 2483 1018 2528 osse
1050 2465 1293 2539 consultum,

234 2571 457 2654 praeclaras
481 2571 580 2637 duas
603 2574 716 2636 artes
738 2569 1021 2637 constitueres
1049 2572 1169 2652 atquo
1199 2571 1297 2635 inter

236 2695 275 2742 se
308 2695 424 2758 pares
458 2679 496 2742 et
530 2679 709 2743 eiusdem
743 2678 877 2742 socias
909 2676 1150 2760 dignitatis.
1207 2675 1240 2741 Si
1268 2671 1297 2736 iri

238 2782 364 2848 Crassus
387 2782 510 2858 diecret,
536 2784 617 2867 quod
640 2784 741 2862 verba,
765 2785 800 2849 ut
818 2802 899 2847 nune
920 2784 1105 2855 scribuntur,
1120 2781 1298 2865 significant,

235 2891 310 2954 iuris
327 2890 490 2972 prudentia
512 2890 606 2955 simul
629 2890 834 2973 eloquentiam
859 2890 1015 2966 contineri,
1036 2888 1214 2971 eloquentie
1228 2885 1300 2952 iuris·

236 2996 441 3078 prudentiam,
465 2988 526 3061 uon
549 2995 625 3062 duas
648 2997 850 3064 constitueret
869 2999 960 3072 artes,
978 2995 1077 3060 sedin
1095 3013 1188 3059 unam
1204 2994 1296 3059 omniu

238 3101 390 3178 conflaret,
421 3102 503 3186 quod
529 3103 797 3168 vehementissime
819 3101 983 3180 Antonius,
1013 3100 1066 3184 qui
1088 3101 1139 3166 hic
1160 3101 1298 3185 loquitur,

236 3207 392 3290 improbat
413 3212 505 3293 atque
528 3210 572 3275 sic
595 3210 742 3292 disputat,
771 3208 894 3275 etiamsi
916 3208 1065 3292 singulari
1086 3208 1206 3292 ingenii
1227 3225 1298 3292 prae·

237 3316 354 3383 stantia
376 3315 487 3399 aliquis
509 3318 671 3400 utramque
694 3320 791 3381 artem
814 3314 1062 3397 comprehendet,
1086 3314 1184 3380 nihilo
1200 3316 1294 3380 tamen

237 3423 341 3487 minus
364 3422 440 3486 duas
462 3442 516 3505 per
538 3442 570 3488 se
594 3441 669 3488 esse.
715 3422 858 3504 Corrupit
872 3423 1058 3488 sententiam
1074 3423 1202 3487 verbum
1221 3435 1298 3486 esse

237 3527 338 3609 priore
360 3528 437 3601 loco,
459 3529 511 3593 ubi
534 3527 565 3592 id
587 3527 654 3611 ipse
670 3527 744 3594 ordo
759 3530 792 3593 ot
808 3527 927 3610 positus
943 3528 1048 3592 mendi
1064 3527 1167 3611 arguit
1183 3538 1235 3605 (—
1249 3525 1296 3589 de·

238 3633 331 3698 bebat
354 3633 436 3697 euim
458 3635 563 3699 scribi:
589 3653 689 3713 eum,
710 3635 759 3700 vel
780 3636 883 3716 potius
906 3633 1087 3712 eundem,
1112 3652 1200 3699 csse
1223 3649 1295 3697 ora-

239 3740 366 3803 torem
391 3745 453 3817 —),
477 3759 531 3821 pro
555 3741 653 3804 altero
674 3760 768 3824 prave
790 3741 913 3806 illatum
936 3741 984 3805 vel
1006 3741 1109 3822 potius
1131 3739 1171 3804 ad
1198 3736 1294 3803 esset

240 3845 522 3924 accommodatum;
559 3843 665 3911 Cicero
702 3846 784 3912 enim
824 3848 1004 3930 scripserat:
1047 3845 1140 3911 Num
1178 3847 1210 3912 si
1246 3844 1298 3906 ita

241 3951 413 4025 diceres,
449 3953 516 4034 qui
540 3953 644 4018 iuris
676 3956 891 4019 consultus
915 3955 1039 4032 esset,
1072 3971 1195 4038 posse
1221 3963 1294 4016 eum

240 4063 456 4135 oratorem,
489 4059 667 4141 itemque
690 4059 757 4141 qui
780 4060 890 4124 esset
911 4063 1062 4134 orator,
1086 4058 1190 4124 iuris
1212 4072 1295 4122 euu-
