2712 4576
421 257 560 312 Ciceronis
579 259 688 312 Brutus.
777 267 781 274 '
992 259 1049 322 107

35 451 100 514 ritas
127 450 187 517 boc
217 457 323 519 tamen
353 453 421 521 loco
452 458 620 529 excusatur,
648 454 730 539 quod
758 458 842 522 recte
868 452 965 522 sensit
990 453 1093 539 inepte

33 557 83 620 dici
103 557 242 642 aliquem
265 560 344 626 uiuis
366 559 433 627 eins
454 561 625 644 equalibus
648 565 799 627 oratorem
823 561 935 628 bouum
951 561 1094 628 habitum

32 681 97 730 esse.
152 663 239 744 Quid
270 667 402 750 aquales
431 667 469 732 rie
498 667 601 750 aliquo
624 667 762 734 iudicent
785 665 996 748 iudicarintve,
1018 667 1093 752 qnid

31 770 143 848 posteri,
168 772 330 855 quaeritur,
345 793 406 840 uon
425 773 500 858 quid
519 773 598 840 uiris
613 773 781 858 equalibus
796 772 967 840 iudicatum
985 775 1093 852 luerit;

31 875 132 940 mortui
155 878 244 942 enim
267 877 346 944 nihil
367 878 514 947 iudicant
565 879 627 946 Sed
649 879 754 946 mendi
776 878 933 946 manifesti
956 879 1094 948 difficilis

30 983 55 1045 et
73 981 192 1049 incerta
215 986 361 1051 correctio
384 988 442 1070 est,
471 987 531 1052 nisi
555 986 636 1070 quod
657 984 833 1069 prepositio
855 988 901 1053 ab
923 986 1094 1054 necessario

30 1087 133 1170 requiri
168 1091 294 1157 violetur
334 1093 392 1164 (ab
431 1092 656 1177 aequalibus
700 1136 738 1154 ..
783 1092 1094 1166 numerabatur).

29 1192 84 1258 Hoc
113 1215 306 1282 persequens
339 1199 506 1284 uestigium
539 1198 691 1283 originem
720 1199 824 1264 mendi
849 1217 899 1263 me
921 1196 1094 1279 repperisse

29 1301 93 1378 pulo
115 1303 255 1385 positam
276 1304 310 1370 in
331 1304 495 1372 omissione
517 1306 638 1389 aliquot
658 1305 844 1384 litterarum,
874 1303 954 1388 quod
978 1302 1094 1368 eaedem

29 1408 75 1471 aut
93 1427 191 1494 prope
215 1410 329 1476 eaedem
355 1413 402 1477 bis
424 1412 593 1480 scribenda
615 1412 727 1478 esseut.
780 1411 896 1495 Opinon
911 1409 992 1475 euim
1008 1409 1096 1474 Cice·

9 1532 123 1580 ¹ronem
158 1517 338 1600 scripsisse:
369 1520 506 1585 orator
539 1521 670 1584 antem
693 1520 756 1602 <a
777 1514 974 1603 lam>poris
1007 1513 1096 1580 eins

31 1623 253 1703 equalibus
274 1625 478 1706 proximus
500 1625 665 1709 optimis
687 1622 986 1689 numerabatur.
1030 1621 1096 1686 See·

31 1724 91 1805 pius
111 1729 201 1794 enim
226 1729 332 1797 Cicero
353 1749 413 1798 uon
434 1731 526 1797 modo
547 1729 680 1797 hominis
695 1735 749 1796 aut
764 1730 817 1804 rei,
833 1731 887 1796 sed
905 1731 999 1795 etiam
1014 1731 1097 1794 tem-

33 1835 102 1911 poris
124 1839 158 1903 el
179 1837 285 1904 aetatis
307 1838 444 1922 equales
466 1837 552 1904 dixit.

124 1956 205 2022 lbid.
243 1956 321 2021 234:
359 1956 426 2040 qui
461 1956 528 2035 (Gn.
561 1954 725 2034 Lentulus)
758 1974 842 2020 eum
879 1958 989 2019 esset
1024 1971 1097 2020 nec

10 2066 262 2141 peracutus,
292 2082 527 2146 quamquam
557 2067 595 2128 et
624 2081 665 2127 ex
696 2062 801 2127 facie
834 2064 873 2126 et
906 2080 948 2126 ex
981 2060 1097 2124 vultu

34 2164 262 2243 silebatur,
295 2188 364 2236 nec
396 2168 603 2236 abundans
635 2168 787 2252 verbis„
819 2166 900 2232 etsi
923 2165 1099 2232 fallebat

36 2269 67 2334 iu
102 2293 145 2341 eo
181 2277 289 2358 ipso,
325 2278 384 2342 sic
419 2274 676 2354 intervallis,
713 2270 1097 2360 exclamationibus,

10 2414 12 2421 ,
33 2393 117 2446 voce
140 2383 256 2448 suevi
279 2383 499 2455 strauere,
523 2380 759 2447 admirando
780 2376 1000 2452 irridebat,
1032 2394 1098 2441 ce·

9 2481 138 2558 ¹lebat
160 2490 200 2554 iu
222 2488 391 2574 agendo,
423 2492 465 2553 nt
493 2507 553 2566 aa,
583 2506 664 2573 qua
686 2486 868 2556 deerant,
891 2502 963 2548 non
986 2483 1097 2548 (lesi-

35 2589 279 2661 olerarentur.
331 2592 392 2660 Hic
420 2612 541 2678 quoque
563 2590 810 2659 manifestissimi
832 2590 944 2664 mendi,
972 2590 1011 2655 de
1038 2607 1099 2673 quo

9 2704 114 2766 luemo
149 2701 281 2776 dubitat,
314 2700 451 2766 dillicilis
481 2699 656 2766 emendatio
687 2700 745 2774 est,
776 2699 830 2764 sed
858 2699 963 2764 tamen
984 2695 1039 2771 ila,
1061 2698 1097 2762 ut

36 2801 146 2887 aliquid
176 2807 219 2872 sit
247 2807 332 2874 certi.
385 2806 495 2890 Neque
529 2807 612 2872 onim
645 2805 781 2872 dubitari
813 2805 925 2888 polest,
959 2804 1033 2888 quin
1066 2804 1099 2868 in

8 2941 9 2946 ι
37 2907 161 2978 lentulo
185 2914 244 2979 duo
266 2913 408 2979 dicuutur
429 2913 614 2984 excelluisse,
644 2913 775 2977 alterum
807 2913 941 2995 positum
968 2912 999 2976 iu
1030 2929 1099 2976 ver·-

8 3059 10 3092 p
39 3015 140 3084 borum
161 3021 194 3086 et
215 3019 476 3102 pronuntiationis
501 3019 609 3098 forma,
632 3019 765 3084 alterum
785 3019 818 3084 iu
840 3017 969 3084 actionis
991 3017 1100 3091 calore,

38 3127 195 3212 utmmque
228 3145 282 3192 suo
314 3126 406 3193 uerbo
437 3127 589 3199 notatum,
621 3127 717 3191 altero
746 3124 786 3190 ad
814 3122 964 3191 ablativos
985 3142 1101 3206 prece·

37 3229 137 3300 lentes
170 3232 424 3310 (intervallis
452 3219 531 3311 cet.)
560 3231 799 3306 accommodato.
827 3228 926 3296 altero
955 3230 993 3294 ad
1022 3229 1101 3294 illud

37 3332 70 3400 iu
100 3339 265 3424 agendo.
319 3339 428 3423 ltaque
456 3345 583 3421 apparet
609 3339 769 3421 anaphoras
798 3336 897 3420 figura
923 3333 1099 3400 Ciceronem

38 3457 120 3511 usum
142 3447 188 3513 sic
209 3445 386 3528 scripsisse:
410 3445 469 3511 sic
489 3445 732 3512 interuallis
748 3495 755 3512 .
772 3493 779 3511 .
798 3491 804 3508 .
821 3438 1100 3527 .†irridebat‚

8 3551 160 3637 ¹<ila>
193 3554 354 3619 calebat
392 3551 431 3618 in
471 3550 638 3636 agendo,
676 3553 719 3616 nt
752 3551 809 3616 cet.
871 3546 991 3613 Deinde
1022 3545 1100 3612 illud
1153 3588 1155 3593 s

39 3673 153 3744 quoque
176 3661 293 3726 certum
316 3661 382 3738 est,¹
400 3657 500 3724 tribus
529 3657 594 3722 illis
622 3657 775 3732 ablativis,
805 3656 858 3740 qui
879 3654 980 3740 priori
1010 3654 1102 3719 verbo

40 3763 252 3851 adiunguntur,
275 3785 333 3832 uon
355 3767 491 3849 potuisse
513 3763 585 3830 addi
607 3765 749 3847 quartum
773 3762 915 3847 gerundii
932 3759 1102 3827 ablativum

41 3873 295 3945 (admirandol
327 3874 364 3939 ad
395 3872 538 3939 effectum
570 3871 695 3938 illerum
718 3869 812 3934 trium
835 3888 936 3934 rerum
961 3867 1103 3951 spactan-

42 3979 107 4058 lem‚
135 4000 207 4047 oum
228 3979 411 4064 praesertim,
440 3979 654 4061 quodcumque
675 3977 800 4042 verbum
823 3993 878 4058 pro
900 3972 1104 4040 irridebat

44 4087 180 4167 posueris,
203 4088 270 4170 ipse
292 4087 443 4153 Lentulus
465 4083 611 4150 admirari
634 4083 762 4160 dicatur,
778 4100 838 4146 uon
854 4080 910 4147 alii
926 4075 1102 4145 Lentulum.
