2712 4576
284 246 343 308 128
650 247 709 302 Lib.
728 246 764 301 Π.
784 245 848 315 Cap.
869 247 905 301 ΙΙ.

240 443 354 510 crimen
388 445 550 524 pertineat,
583 445 700 508 nullum
735 443 850 509 lactum
883 461 958 509 esee.
1012 440 1182 525 scripserat
1214 439 1322 523 igitur

241 549 361 616 dicero:
396 550 529 617 caueam
560 567 753 634 nusquam
787 549 978 616 Staienus
1009 567 1048 616 ea
1077 548 1118 616 dc
1151 565 1188 614 re
1221 546 1320 630 lege

243 655 356 721 dixit.
410 655 620 741 Proprium
652 657 802 723 crimen
831 657 938 722 illud
960 653 1202 741 quaestionis
1224 654 1320 718 eius

243 764 294 841 (de
316 762 491 842 maiestate,
515 781 575 848 qua
591 763 733 828 Staienus
749 759 912 828 damnatur
926 763 987 839 eat)
1009 761 1194 828 nonfuit.
1229 760 1320 825 Satis

243 871 341 936 videri
362 870 467 952 potest
487 887 567 935 cese:
596 869 889 935 Consumpsi.
914 888 957 934 ea
979 869 1025 934 de
1048 888 1087 935 re
1110 866 1231 943 dixin
1263 868 1319 932 sed

243 995 300 1043 non
323 974 461 1041 abundat
492 977 597 1060 lege3
625 975 818 1060 significatur
846 976 926 1041 enim
954 975 1102 1041 iactatam
1127 974 1264 1040 fortasse
1288 974 1319 1037 in

243 1081 417 1149 maiestatis
438 1080 555 1147 iudicio
578 1081 673 1147 etiam
695 1087 792 1165 capta
814 1081 953 1164 pecuniae
967 1080 1116 1146 invidiam
1133 1080 1239 1154 luisse,
1263 1081 1317 1144 sed

164 1231 171 1244 ι
242 1189 417 1274 legitimum
441 1187 506 1253 eius
528 1187 573 1252 rei
593 1186 743 1254 iudicium
765 1207 825 1254 uon
846 1188 994 1266 fuissem

343 1327 512 1395 ibidlld:
535 1329 642 1412 Nego
665 1349 744 1395 rem
766 1348 853 1396 esse
875 1329 998 1394 ullam
1018 1329 1057 1393 in
1080 1345 1317 1411 quemquam

244 1438 410 1503 illorum
437 1435 655 1508 obiectam,
677 1435 1035 1518 queellidiculanio
1057 1453 1131 1499 non
1154 1425 1345 1500 obiecta³

245 1543 317 1621 sit,
345 1541 505 1624 aliquid
535 1540 664 1606 luisse
696 1542 733 1605 in
765 1540 1018 1607 Fidiculanii
1045 1559 1180 1617 causa,
1212 1541 1316 1623 quod

243 1649 346 1715 idem
369 1667 442 1714 non
467 1649 576 1712 esset
600 1648 637 1711 in
660 1649 897 1714 ceterorum.
943 1649 1012 1713 Duo
1034 1645 1141 1733 gravia
1162 1644 1317 1712 hiclocus

245 1752 391 1819 orationis
426 1753 502 1819 vitia
534 1751 635 1818 habet.
691 1753 830 1819 Primum
859 1755 987 1820 etiamsi
1020 1753 1128 1819 Latine
1162 1750 1318 1818 diceretur

246 1859 424 1924 obiicere
446 1860 485 1925 in
509 1861 684 1943 aliquem
708 1879 761 1943 pro
785 1878 830 1940 eo,
863 1858 944 1943 quod
975 1862 1023 1925 cet
1045 1858 1186 1933 alicui,
1209 1863 1316 1924 tamen

246 1966 349 2031 Cicero
363 1967 395 2030 in
411 1964 469 2032 hac
490 1967 711 2032 contrariorum
727 1965 873 2032 relatione
889 1985 948 2032 non
969 1965 1097 2031 dixisset
1118 1964 1157 2029 in
1180 1984 1316 2049 quem·
1345 1987 1346 2058 3

246 2092 360 2156 quam
390 2110 431 2120 -
461 2071 729 2139 Fidiculanio.
783 2070 902 2137 Deinde
932 2090 950 2135 a
983 2071 1126 2156 legitima
1151 2077 1315 2137 consuctu-
1345 2077 1346 2080 ’

246 2181 318 2245 dine
350 2180 494 2245 abhorret
525 2198 623 2264 nego
662 2217 701 2226 —
741 2178 1082 2262 aliquidluiaee.
1143 2177 1317 2260 Scripscrat

247 2285 366 2353 Cicero:
405 2285 514 2372 Nego
551 2306 629 2352 rem
667 2304 753 2352 ease
785 2284 908 2350 ullam
942 2285 1110 2370 quoiquam
1147 2283 1314 2350 illorum

245 2394 461 2471 obiectam,
486 2411 567 2477 quae
589 2391 852 2458 Fidiculanio
873 2410 947 2456 non
969 2391 1131 2457 obiecta
1152 2392 1222 2465 eit,
1258 2393 1315 2457 ant

246 2499 419 2586 quidquam
445 2498 574 2564 fuisse
603 2498 641 2563 in
671 2497 926 2565 Fidiculanii
956 2516 1075 2564 causa
1100 2498 1157 2562 cet.
1208 2495 1314 2562 Priore

245 2606 311 2671 loco
334 2605 371 2668 in
394 2609 500 2670 natum
526 2609 574 2670 eet
595 2623 631 2669 ex
654 2604 838 2687 praecedenti
860 2603 1028 2670 litteram.

347 2731 424 2798 lbid.
451 2733 524 2796 lat:
557 2733 600 2798 In
623 2732 675 2800 Μ’.
700 2733 908 2816 Aquilium
938 2734 978 2798 et
1005 2732 1043 2798 in
1073 2733 1126 2799 ui.
1149 2733 1311 2800 Guttam

246 2838 363 2904 video
400 2857 486 2903 esee
523 2838 808 2920 subscriptum.
852 2837 954 2920 Quid
985 2842 1047 2904 est
1080 2839 1173 2906 hoc?
1208 2839 1312 2904 Duos

247 2963 333 3011 esse
366 2946 578 3028 corruptos
611 2944 720 3011 solos
752 2945 946 3028 pecunia?
991 2945 1153 3024 Dicant;
1187 2947 1310 3011 ceteri

247 3050 445 3116 videlicet
465 3049 598 3136 gratis
621 3053 946 3117 condemnarunt.
980 3051 1089 3136 Neque
1111 3052 1196 3118 brevi
1218 3054 1311 3119 inter-

247 3158 399 3242 rogationi
432 3158 470 3224 de
502 3161 546 3224 rei
579 3159 828 3224 commemoratae
858 3157 1081 3242 significatione
1102 3178 1138 3225 ac
1159 3159 1310 3224 momento

300 3429 326 3494 *l
347 3432 361 3490 ξ
380 3430 414 3482 lo
432 3435 461 3483 et
479 3429 513 3484 57
535 3429 578 3484 bis
600 3444 650 3496 pro
674 3429 737 3481 iam
766 3427 938 3484 scribendum
965 3435 1008 3484 eet
1036 3442 1112 3496 naun
1142 3429 1309 3484 confirmatur

348 3520 428 3588 enim,
445 3521 518 3588 quod
530 3519 671 3590 praecedit,
685 3536 740 3575 nou
752 3527 926 3589 praeparatur
939 3537 1017 3596 novae
1031 3524 1071 3576 rei
1085 3519 1307 3576 commemoratio.

350 3612 457 3679 [Altero
486 3614 546 3668 loco
574 3613 690 3668 correxit
719 3614 917 3684 Pluygersius]
958 3617 1027 3679 §76
1045 3631 1096 3684 pro
1122 3619 1306 3669 statuerunt

350 3705 520 3759 scribendum
551 3711 593 3760 est
619 3706 790 3773 atatuereui,
819 3707 924 3762 causali
952 3706 1161 3776 significatione,
1189 3713 1251 3777 apte
1276 3703 1306 3757 ad

348 3795 508 3866 imperfecta
535 3798 672 3866 primariae
699 3799 851 3854 sententiae.
898 3800 966 3864 §37
992 3816 1053 3856 cum
1070 3800 1197 3856 Halmius
1215 3798 1306 3854 oblinis

349 3897 422 3944 esset
449 3891 540 3945 brevi
568 3891 629 3946 illo
658 3897 804 3961 ternpore
833 3891 886 3945 dici
910 3893 945 3947 ad
968 3895 1082 3950 eandem
1100 3894 1215 3949 formam
1233 3898 1304 3957 atque

349 3984 466 4051 paucis
494 3983 566 4039 illia
595 3985 726 4051 dictiue,
755 3985 939 4039 coniecturam
964 3987 1087 4042 inutilem
1105 3987 1205 4056 posuit.
1245 3981 1303 4050 Quid

350 4075 509 4144 Kayscrns?
545 4078 610 4131 Tria
628 4078 677 4130 illa
695 4078 778 4132 verba
797 4077 911 4148 delerit3
931 4085 1009 4134 tanta
1029 4085 1071 4133 est
1087 4080 1193 4134 levitas.
