2712 4576
276 239 336 304 m
636 238 901 308 mmmm

232 436 266 502 id
288 435 477 520 signiticaret
498 456 568 516 nou,
592 436 675 520 quod
697 436 748 503 bic
768 436 944 519 requiritur,
967 435 1246 501 deliberatum
1269 453 1315 498 ac

233 545 402 634 certum,
446 541 501 609 sed
536 560 603 608 rem
639 561 707 608 esse
742 542 782 609 ad
827 541 1061 609 deliberandum
1102 539 1312 623 propositam.

233 648 366 714 Videtur
387 648 489 715 Cicero
511 649 685 732 scripsisse:
714 649 756 715 ld
773 650 889 718 ‚enim
919 649 974 726 et,
1008 647 1043 714 si
1072 651 1159 713 erat
1179 645 1314 714 delibe-

231 756 317 822 ratae
337 753 485 834 raucus,
518 758 650 822 tamen
682 755 794 822 obire
826 772 901 820 nou
923 753 1039 840 potui
1061 798 1229 817 ......
1237 803 1248 833 ‚
1273 757 1313 818 et

231 863 367 945 plane,
397 861 494 944 quid
515 864 669 927 rectum
692 909 699 924 .
723 908 730 925 .
754 908 761 925 .
788 861 914 940 esset,
937 859 1096 927 diutius
1119 861 1313 945 cogitare

232 967 366 1034 malui.
421 967 540 1052 Neque,
573 968 599 1033 si
622 967 827 1033 deliberatum
849 985 885 1032 ac
907 967 1066 1034 decretum
1087 966 1199 1031 fuisset
1221 985 1312 1032 mare

231 1075 372 1154 transire,
395 1093 428 1141 se
451 1073 536 1140 obire
557 1074 590 1138 id
612 1073 750 1158 potuisse
771 1073 876 1140 Cicero
903 1074 948 1139 ait
970 1093 1027 1140 uec
1048 1075 1172 1139 omuino
1195 1072 1231 1138 id
1256 1073 1312 1137 de-

231 1181 396 1247 liberatum
413 1181 507 1247 etiam
523 1185 590 1247 tum
606 1181 710 1260 luisse,
733 1179 789 1245 sed
809 1179 841 1244 in
865 1180 1035 1263 quastione
1057 1200 1093 1247 ac
1111 1180 1311 1247 dubitatione

229 1286 377 1369 positum.
428 1287 719 1368 Pauloante(§1)‚
742 1287 798 1351 ubi
820 1285 938 1352 editor:
960 1290 1003 1353 ut
1024 1304 1202 1353 sumeres
1225 1285 1309 1352 ali-

230 1391 325 1474 quid
357 1394 567 1476 temporis,
600 1411 674 1476 quo
707 1394 800 1477 quia
829 1392 907 1459 tibi
930 1392 991 1471 (Ml
1023 1394 1125 1476 quod
1152 1393 1236 1458 tibi
1269 1393 1310 1458 et

231 1497 338 1581 quia)
359 1499 577 1584 perexiguo
598 1517 696 1583 opus
719 1501 797 1578 est,
831 1499 1032 1582 explicari
1064 1500 1163 1564 mibi
1193 1500 1308 1564 tuum

230 1606 446 1671 consilium
468 1606 586 1688 plaue
607 1605 716 1684 volo,
737 1624 863 1689 prorsus
884 1605 991 1688 inepta
1011 1609 1060 1672 est
1082 1624 1183 1672 causae
1206 1605 1307 1687 sigui-

229 1709 333 1777 ficatio
371 1711 506 1796 (quia);
543 1712 738 1778 scribendum
770 1713 909 1779 ridetur:
949 1731 1022 1795 quo
1058 1711 1140 1777 tibi
1175 1710 1307 1797 quidem

230 1817 448 1902 perexiguo
470 1836 566 1901 opus
589 1822 665 1898 est;
688 1819 887 1902 explicari
909 1817 1078 1902 <euim>
1101 1817 1201 1884 mihi
1223 1819 1285 1883 cet.

329 1957 409 2024 Ibid.
434 1960 578 2038 12A‚4:
603 1960 865 2039 Quamobrem
887 1959 1087 2041 placitum
1110 1959 1172 2024 est
1193 1958 1305 2032 mihi,

229 2063 334 2129 attia
354 2064 471 2130 video
487 2065 521 2132 O.
537 2065 731 2132 Marcello
756 2067 962 2131 etceteris
978 2063 1303 2140 nostriordinis,

230 2171 297 2252 qui
328 2171 395 2236 hic
428 2174 537 2251 sunt,
573 2173 618 2237 ut
650 2171 916 2237 Brundisium
949 2171 1215 2237 duceremcet.
1259 2169 1304 2234 Lx
1346 2201 1347 2267 p

229 2278 379 2359 corruptis
401 2277 516 2344 litteris
539 2278 657 2344 eruitur
679 2280 762 2344 certa
784 2277 1015 2344 emendatione:
1039 2276 1301 2357 Quamobrem

228 2383 426 2464 placitum
449 2386 511 2450 est
533 2384 646 2464 mibi,
663 2383 810 2452 adhibito
826 2385 859 2450 C.
876 2384 1072 2449 Marcello
1089 2383 1146 2449 cet.
1181 2384 1247 2467 (§l
1267 2400 1302 2447 er

228 2487 263 2552 M
280 2489 427 2556 efficitur:
449 2492 602 2559 factum
624 2492 704 2568 est,
727 2490 992 2556 utDcmitius
1011 2489 1301 2572 implicaretur
1345 2479 1346 2520 ³

228 2596 263 2661 et
284 2614 414 2680 neque
437 2644 445 2661 .
469 2644 477 2661 .
500 2645 508 2662 .
532 2644 539 2661 .
564 2616 692 2682 neque
715 2643 723 2660 .
746 2643 753 2660 .
777 2643 786 2660 .
810 2596 871 2676 .)*)

280 2862 308 2931 *)
326 2864 379 2935 Ep.
408 2863 451 2934 14,
478 2865 504 2934 3,
533 2867 581 2921 ubi
607 2866 637 2921 in
665 2868 694 2921 m
722 2867 762 2922 sic
789 2867 929 2922 scribitur:
964 2865 1002 2922 de
1029 2867 1177 2923 Domitio
1205 2867 1298 2923 varia

327 2958 492 3029 audimus,
515 2960 609 3016 modo
629 2977 703 3017 esse
722 2961 756 3016 in
775 2961 909 3016 Tiburti
932 2966 988 3015 aut
1007 2961 1128 3032 Lepidi
1147 2977 1209 3030 quo
1228 2977 1297 3016 cum
1343 3021 1344 3026 χ

326 3051 473 3122 Lepidus
506 3054 697 3110 accessisse
728 3055 768 3110 ad
798 3053 923 3123 urbem,
951 3054 1039 3122 quod
1069 3055 1148 3111 item
1178 3055 1296 3112 falsum

325 3144 423 3201 video
457 3161 544 3218 esse3
580 3147 630 3203 ait
664 3147 749 3202 enim
776 3147 924 3217 Lepidus
951 3154 1012 3217 cet,
1042 3149 1201 3205 Ciceronem
1227 3149 1296 3204 duos

326 3255 450 3295 rumores
477 3239 564 3295 falsos
593 3241 634 3296 sic
661 3242 734 3296 inter
761 3256 790 3296 se
819 3257 986 3311 comparare,
1014 3247 1045 3296 ut
1072 3242 1190 3299 alterum
1211 3241 1295 3298 haud
1342 3281 1343 3315 ᾗ

327 3332 455 3403 lepide,
475 3333 591 3389 alterum
609 3334 758 3405 lepidius
776 3333 870 3389 fictum
889 3334 972 3403 dicat,
991 3340 1056 3405 post
1072 3337 1187 3392 Bosium
1205 3337 1294 3406 plures

325 3425 457 3482 viderant.
507 3428 543 3482 Et
569 3429 658 3497 ipsum
684 3429 758 3483 bunc
785 3427 814 3482 in
841 3427 979 3484 adverbiis
1001 3429 1092 3484 lusum
1114 3435 1143 3486 et
1161 3428 1293 3486 scribendi

326 3534 433 3574 errores
452 3519 582 3589 (Lepidi
601 3561 607 3576 .
628 3561 634 3575 .
652 3520 812 3591 Lepidus)
842 3526 917 3576 ortos
946 3536 1007 3577 esse
1036 3537 1071 3577 ex
1097 3537 1139 3592 eo,
1168 3522 1241 3593 quod
1266 3522 1292 3575 iu
1341 3549 1342 3577 ;

325 3609 434 3666 Tiburti
451 3612 571 3683 Lepidi
590 3614 669 3682 (eius,
698 3614 744 3683 qui
772 3629 835 3668 mox
863 3616 972 3669 veriora
995 3614 1029 3671 dc
1050 3615 1173 3672 Domitio
1198 3631 1291 3686 coguo-

326 3704 419 3758 scendi
438 3711 535 3762 auctor
552 3707 718 3776 nominetur,
736 3706 855 3762 hominis
876 3707 967 3762 Attico
981 3708 1049 3764 satis
1062 3708 1131 3779 noti)
1145 3709 1290 3765 Domitium

325 3811 386 3852 esse
405 3814 422 3853 a
440 3795 604 3866 quibusdam
622 3801 731 3856 narrari
750 3801 846 3856 Cicero
871 3801 1032 3870 scripsisset,
1055 3802 1104 3858 alii
1125 3802 1201 3858 velut
1219 3802 1287 3857 Grae·
1340 3793 1341 3839 l

324 3888 385 3944 vius
404 3896 432 3945 et
449 3896 545 3947 nostra
563 3899 646 3949 aetate
666 3892 895 3962 Stuerenburgius
912 3895 1108 3952 intellexerant
1121 3896 1287 3966 scripturam·

324 3997 378 4050 que
396 3999 490 4038 verum
508 3990 557 4040 aut
578 4003 650 4043 verae
674 3987 827 4058 proximem
850 3986 1009 4044 effecerant:
1039 3989 1132 4046 modo
1160 4004 1235 4044 esse
1258 3987 1287 4041 iu

324 4074 458 4130 Tiburti
468 4075 761 4146 <Lepidi>,heud
778 4080 903 4150 lepide,
920 4081 1027 4150 modo,
1047 4080 1287 4152 cumlepidius,
1339 4045 1340 4100 ¹
