2728 4582
253 273 294 335 20
633 269 731 332 Libri.
752 270 817 338 Cap.
836 269 859 324 Ι.

212 449 386 552 corrigendi
408 469 640 551 accuratiusque
663 464 850 543 declarandi,
874 485 941 548 quae
963 467 1011 530 est
1029 465 1060 528 in
1076 463 1169 528 verbo
1186 462 1284 548 λέγω,

212 573 438 639 nihilomnino
462 571 845 655 haberequoreieratur,
875 589 930 636 nec
958 569 1030 635 ferri
1060 587 1158 651 posse.
1205 567 1286 632 Per-

80 722 82 732 ·
210 682 351 763 spicuam
373 681 478 745 autem
501 682 549 744 est
572 699 630 744 non
660 679 743 743 idern
765 677 873 761 repeti,
901 677 980 760 quod
1005 676 1069 740 iem
1092 675 1206 740 Creusa
1230 693 1283 738 re-

212 786 333 863 futarit,
368 786 406 851 de
440 787 512 852 lone
545 783 682 871 Apollini
715 783 901 856 consecrato,
933 780 988 846 sed
1010 780 1127 863 aliquid
1148 780 1222 845 novi
1244 782 1286 844 ab

197 892 285 956 ¹lone
308 891 428 970 subiici,
462 893 610 975 quodne
643 888 826 955 inviolatum
855 907 922 954 esse
945 887 1086 952 debuisse
1108 885 1168 951 alio
1188 884 1286 950 modo

76 1007 80 1012 “
165 1003 168 1016 ’
212 999 410 1075 demonstret,
444 996 526 1081 quod
560 996 671 1063 deinde
704 995 839 1078 proximo
872 1011 964 1059 versu
985 1012 1004 1059 a
1025 993 1148 1071 Creusa,
1173 1009 1287 1076 quem-

212 1103 378 1168 admodum
400 1105 539 1187 superius
561 1103 647 1175 illud,
669 1103 818 1166 refutetur
833 1101 864 1164 et
879 1098 1090 1184 redarguatur,
1124 1098 1160 1162 ld
1177 1099 1288 1163 huius-

212 1208 295 1275 modi
316 1209 412 1275 fuisse
434 1228 525 1292 prope
548 1211 665 1274 cerium
688 1209 750 1272 est:

310 1339 382 1404 [Δὶ.
405 1331 479 1402 dll’
502 1330 731 1423 ἐγενόμεσθα,
754 1329 884 1419 πατρός
907 1341 950 1400 ἐν
972 1327 1083 1419 crinio,
1106 1328 1196 1398 νεώ.

313 1440 389 1509 ΚΡ.
412 1438 537 1509 oduario
560 1438 626 1509 τότ’
650 1436 757 1529 ἦσθα.
782 1445 845 1508 νῦν
861 1433 890 1508 δ’
914 1435 985 1527 ἐγώ,
1010 1435 1052 1508 ου’
1079 1432 1219 1505 ὸ“ὀύκὲτ’
1245 1439 1286 1505 εἷ.
1360 1505 1361 1512 ,

213 1573 268 1636 ion
291 1591 333 1648 se,
365 1573 488 1638 etiamsi
521 1575 551 1636 in
585 1572 682 1654 patris
704 1573 860 1655 potestate
882 1571 974 1653 atque
997 1589 1028 1634 rc
1052 1569 1153 1640 fuerit,
1175 1570 1288 1635 temen
1360 1613 1361 1651 3

212 1679 253 1742 ad
265 1678 418 1761 templum
430 1680 611 1762 pertinuisse
623 1679 772 1754 affirmat3
788 1677 953 1759 respondet
964 1674 1087 1751 Creusa,
1103 1674 1135 1740 id
1151 1676 1219 1739 tam
1234 1675 1294 1740 diu
1360 1701 1361 1759 }

215 1784 356 1863 valuisse,
380 1804 472 1868 quam
506 1804 613 1868 reapse
646 1784 755 1867 templi
787 1783 930 1852 minister
962 1780 1071 1857 inerit;
1109 1791 1189 1846 nunc
1225 1799 1290 1846 non

215 1888 306 1953 illum
328 1891 439 1973 templi
462 1910 537 1969 esse,
560 1892 613 1957 sed
636 1910 668 1956 se
691 1891 850 1973 (quoniam
873 1907 965 1972 snpra
987 1906 1019 1952 se
1041 1887 1109 1968 ipse
1131 1886 1185 1950 deo
1210 1904 1290 1950 con·
1360 1925 1361 1930 ι

214 1997 416 2070 sacravit,th
442 2018 470 2064 v.
495 1999 574 2060 1275
599 1999 631 2062 et
654 1998 734 2060 1283
757 2002 849 2079 sqq.).

370 2138 447 2200 1426
470 2156 552 2220 sqq.:

233 2225 238 2234 ’
315 2245 389 2311 Jrz.
412 2251 504 2311 ἔστιν
518 2269 550 2309 τι
567 2238 653 2328 πρὸς
668 2236 755 2330 τῷδ’,
771 2237 792 2328 ἦ
807 2235 904 2329 μόνῳ
920 2235 996 2330 τῷδ’
1013 2235 1181 2326 revelator

218 2345 221 2448 ἶ
315 2351 394 2416 ΚΡ.
417 2345 583 2438 δράκοντε
610 2351 846 2438 μαρμαίροντα
871 2339 1053 2436 παγχρύσῳ
1077 2352 1180 2435 γένυι.

314 2458 385 2524 [Ω.
410 2451 537 2544 δώρημ’
571 2450 750 2533 Ἀθάνας,
787 2451 811 2542 ἢ
846 2455 961 2546 (codd⁸¹
985 2449 1020 2539 ἢ)
1058 2447 1143 2522 τέκν’
1175 2453 1290 2538 ἐντρέ-

357 2622 363 2636 ,
1034 2585 1111 2645 φειν
1133 2563 1245 2645 λέγεις

216 2665 335 2730 Omitto
368 2669 518 2742 refellere,
552 2686 619 2751 quae
652 2668 822 2752 excogitata
845 2669 917 2732 sunt
946 2668 1000 2732 aut
1028 2668 1066 2733 ad
1096 2665 1291 2730 structuram

215 2771 361 2837 orationis
385 2773 606 2856 expediendam
638 2773 692 2837 aut
720 2773 760 2837 ad
781 2793 846 2837 rem
868 2773 1081 2839 declarandam
1106 2773 1143 2836 de
1165 2770 1291 2836 sancita

215 2893 234 2938 a
255 2875 394 2944 Minerva
417 2880 485 2964 lege
517 2879 647 2945 infantes
678 2878 853 2944 huiusmodi
875 2881 1052 2963 serpentum
1076 2877 1290 2960 imagunculis

215 2985 390 3062 exornandi,
418 3006 487 3069 quae
509 2987 576 3068 ipsa
598 2987 674 3052 satis
696 2986 771 3050 dure
794 2986 972 3070 exprimitur
988 2985 1088 3050 verbis
1112 2987 1290 3069 ἐντρέφειν

118 3087 121 3104 ’
215 3090 328 3162 τέκνα,
346 3092 457 3156 omisso
473 3093 644 3174 praesertim
659 3092 762 3158 dativo
778 3094 966 3178 (ἐντρέφειν
982 3096 1082 3158 τέκνα
1098 3085 1288 3176 δράκοντι).

216 3194 298 3259 lllud
332 3215 428 3262 unum
461 3198 548 3271 addo,
582 3199 649 3262 Ioni
677 3199 913 3264 Atheniensium
942 3199 1156 3264 institutomm
1178 3197 1290 3280 ignaro

175 3390 179 3398 ·
214 3300 391 3367 huiusmodi
424 3304 501 3388 legis
532 3307 564 3370 in
596 3308 732 3370 mentem
764 3306 869 3371 venire
901 3324 961 3370 non
994 3304 1150 3389 potuisse;
1180 3306 1290 3369 contra

214 3407 328 3472 iniecta
350 3411 505 3477 mentione
520 3409 622 3493 operis
638 3411 803 3478 artificiose
820 3412 966 3477 elaborati
983 3411 1072 3476 facilc
1089 3409 1290 3476 oboriebatur

216 3513 363 3596 cogitatio
387 3516 451 3579 deae
473 3516 586 3582 artium
608 3515 785 3583 inventricis
808 3517 840 3581 et
867 3517 1017 3600 praesidis.
1077 3517 1187 3598 ltaque
1210 3517 1288 3582 scri-

216 3619 350 3683 bendum
372 3620 525 3703 suspicor:

301 3719 427 3811 edppp'
449 3721 622 3804 Ἀθάνας,
644 3723 669 3813 ἢ
690 3733 842 3815 τέχνην
864 3731 1026 3815 τρέφει,
1049 3731 1211 3816 λέγεις,

369 3867 466 3934 1481:

316 3975 433 4059 λέγεις,
458 3976 563 4063 λέγεις
583 4001 644 4060 μοι
668 3967 762 4042 δόλια
786 3969 847 4042 κου’
871 3975 963 4062 σαφῆ
986 3970 1078 4042 τάδε.

215 4079 300 4144 Nihil
338 4079 403 4144 doli
441 4084 586 4148 odoratur
619 4085 673 4147 lon
710 4082 799 4164 plane
826 4084 888 4147 iam
916 4082 1009 4148 matri
1037 4083 1215 4148 conciliatus
1251 4082 1285 4146 et
