2740 4572
264 141 326 204 m
625 141 891 210 mmmm

122 383 124 386 -
222 339 923 423 tatem,quodhaevolnptatenon
953 335 1100 419 capior.
1150 336 1349 420 assidui<

222 444 298 510 tatis
331 447 448 512 mentio
480 447 645 514 manifesto
677 463 737 510 neu
767 463 837 512 eum
867 441 912 512 rei
933 441 1052 527 trigidae
1075 423 1310 519 (certaminum
1348 421 1349 478 ³

223 549 311 626 circi)
340 552 562 634 appellatione,
594 554 649 620 sed
682 571 752 618 cum
786 549 944 616 hominnm
978 547 1060 614 ludis
1089 547 1320 618 assidentium.

223 655 446 740 significatione
469 645 681 746 coniungenda
703 659 759 738 est,
781 656 863 740 quod
882 654 1102 720 intellexerunt
1116 653 1226 732 etiam,
1246 655 1308 738 qui

224 763 387 830 assiduo
409 766 597 847 scripserunt
618 767 672 831 aut
693 763 843 848 scriptum
858 762 1035 844 probarunt.
1072 760 1132 826 Sed
1151 761 1307 842 ineptum

224 872 273 934 est
308 871 473 936 assidue
509 877 587 936 tam
628 870 951 944 insatiabiliter;
995 867 1206 933 scribendum:
1247 885 1305 934 as-

224 973 379 1042 siduitate
406 980 484 1044 tam
512 969 690 1044 insatiabili
718 975 916 1042 desidere.
960 973 1064 1039 Mendi
1087 973 1213 1038 initium
1238 974 1306 1037 fuit

224 1082 399 1149 litterarum
422 1084 509 1150 tate
530 1084 602 1148 ante
624 1087 702 1149 tam
725 1083 882 1171 emissio..

325 1187 403 1253 Ibid.
425 1187 465 1267 X,
488 1191 537 1268 58,
559 1192 580 1252 4
602 1189 729 1266 (Keil.):
762 1189 925 1269 Itaque,
948 1187 1131 1270 quamvis
1164 1187 1301 1250 eidem

224 1293 330 1360 talia
351 1296 521 1361 crimina
545 1292 993 1378 applicarentur,nihil
1013 1291 1303 1359 decernendum

224 1401 366 1481 putavi
389 1405 446 1466 eet.
491 1403 633 1484 Ineptum
661 1400 694 1465 in
720 1400 778 1466 hac
800 1399 954 1482 scriptura
977 1398 1103 1464 eidem
1127 1418 1181 1482 pro
1204 1398 1243 1463 ei
1265 1404 1303 1462 et

174 1561 176 1565 Α
224 1503 352 1587 pluralis
382 1526 535 1586 numerus,
567 1507 712 1590 quoniam
742 1525 835 1571 nuum
867 1506 982 1572 crimen
1005 1504 1214 1589 significatum
1238 1514 1299 1571 est.

225 1608 384 1676 Sententia
411 1615 443 1677 ct
471 1614 568 1686 oratio
590 1612 755 1690 constabit,
784 1612 826 1676 'si'
847 1611 1076 1694 scripserimus:
1111 1610 1300 1695 quamvis

226 1715 354 1781 eidem
390 1726 424 1784 ot
455 1718 521 1785 alia
554 1720 724 1784 erimina
757 1721 816 1782 cet.
871 1717 1041 1782 Confirmat
1062 1717 1299 1795 correctionem,

226 1820 308 1903 quod
328 1820 360 1886 in
383 1823 507 1888 Traiani
527 1843 575 1906 ep.
597 1826 639 1888 60
660 1826 789 1908 legitur:
820 1825 852 1888 si
881 1824 977 1906 quid
1007 1823 1078 1888 illi
1099 1825 1191 1888 novi
1213 1814 1299 1888 cri-

225 1925 347 1992 minis
369 1928 576 1995 obiicitur.

326 2045 406 2110 Ibid.
429 2047 491 2126 §7
522 2052 566 2125 (in
597 2048 698 2114 edicto
727 2047 792 2113 divi
819 2047 959 2126 Nervae):
994 2046 1176 2126 Quaedam
1207 2047 1303 2112 sine

227 2149 362 2228 dubio,
378 2151 578 2232 Quirites,
601 2155 689 2237 ipse
711 2154 897 2220 felicitas
918 2155 1142 2238 temporum
1158 2153 1312 2231 edicit,

225 2275 296 2323 nec
318 2261 564 2340 spectandus
587 2263 648 2326 eet
669 2262 706 2325 in
728 2260 777 2328 iis
794 2263 918 2326 bonus
932 2260 1138 2342 princeps,
1156 2261 1295 2342 quibus

226 2363 343 2429 illum
375 2365 565 2451 intelligi
597 2366 701 2432 satis
732 2367 794 2429 est
815 2366 875 2430 cet.
924 2366 1021 2432 Preve
1043 2367 1195 2430 contraria
1217 2369 1292 2447 poni

100 2511 103 2515 -
227 2471 473 2550 spectandus
502 2475 534 2538 et
560 2471 752 2555 intelligi
781 2490 838 2537 nec
867 2473 991 2538 omnino
1013 2471 1070 2538 hec
1092 2471 1158 2537 loco
1180 2472 1231 2556 agi
1255 2474 1294 2537 de

228 2577 417 2658 spectatione
439 2578 585 2661 principis
608 2583 639 2644 et
660 2578 872 2654 aestimatione,
904 2577 959 2642 sed
980 2577 1036 2642 hoc
1064 2577 1239 2660 significari,
1261 2579 1293 2642 in

228 2682 382 2748 nonnullis
403 2684 494 2748 rebus
522 2684 713 2750 voluntatem
742 2685 890 2767 principis
919 2683 1022 2748 etiam·
1044 2685 1109 2748 sine
1139 2683 1240 2748 edicto
1262 2687 1294 2748 et

227 2786 341 2851 litteris
374 2787 519 2872 intelligi,
552 2791 746 2871 perspectum
778 2789 840 2855 iam
871 2790 909 2853 ab
940 2789 1012 2854 aliis
1044 2789 1135 2856 video
1169 2791 1292 2856 restitu-

228 2893 358 2974 tumque
399 2911 416 2957 e
457 2894 613 2960 codicibus
656 2897 970 2978 exspectandum
1020 2895 1074 2959 sed
1118 2895 1291 2962 adhibenda

229 2998 290 3063 alie
322 2999 497 3066 emendatio
536 3003 600 3076 esta
640 3020 737 3084 neque
776 3001 859 3067 enim
892 3002 1111 3084 exspectationi
1144 3006 1216 3084 apta
1244 3009 1291 3069 est

228 3103 301 3169 beni
333 3105 479 3190 principis
511 3107 638 3184 mentio,
672 3107 728 3174 sed
760 3109 841 3187 novi,
876 3106 1071 3190 pertinetque
1103 3109 1171 3173 teta
1202 3109 1289 3174 edicti

229 3211 369 3293 praelatio
391 3213 430 3278 ad
458 3212 547 3278 initia
572 3217 645 3278 novi
673 3214 803 3296 imperii,
833 3213 865 3278 in
889 3214 999 3296 quibus
1019 3213 1167 3278 nonnulla
1193 3213 1290 3280 Nerva

229 3336 284 3400 per
305 3339 337 3384 se
359 3319 453 3385 etiam
476 3321 542 3386 sine
564 3319 664 3386 edicto
686 3319 819 3402 intelligi
842 3305 932 3384 dicit
961 3319 1164 3388 ¹Scribendum
1180 3320 1287 3402 igitur:

229 3443 299 3488 nee
314 3427 593 3517 exspectandus
609 3430 669 3491 eet
691 3427 730 3489 in
752 3425 920 3492 iisnavus
935 3425 1141 3506 princeps,
1157 3422 1305 3506 quibus-

230 3526 277 3606 (in
299 3530 482 3612 quibust)
503 3532 620 3596 illum
641 3530 831 3613 intelligi
853 3530 957 3596 satis
980 3523 1051 3594 est.

329 3633 409 3699 ibid.
434 3637 483 3713 61,
508 3639 526 3698 2
549 3637 601 3713 (de
622 3639 691 3702 lecu
718 3637 839 3702 flumini
868 3637 914 3702 sic
941 3635 1109 3720 iungendo,
1136 3637 1285 3727 attamen

229 3759 336 3825 margo
352 3740 507 3820 intersitl:
530 3742 596 3807 Sic
617 3744 978 3826 consequemur,ut
998 3760 1070 3806 nec
1092 3759 1211 3807 vacuo
1230 3743 1286 3806 ri-

230 3846 374 3912 deatur
395 3846 558 3912 flumini
580 3849 855 3927 mirtusllacns)
871 3850 910 3913 et
932 3848 987 3912 sit
1008 3847 1176 3930 perinde
1196 3865 1234 3912 aa
1253 3850 1285 3911 si

230 3953 459 4018 misceatur.
502 3953 547 4016 Er
567 3953 626 4019 hac
640 3955 764 4020 Avantii
788 3953 944 4033 editionis,
966 3973 1033 4036 quae
1055 3952 1166 4019 codicis
1188 3951 1285 4018 emissi
