2712 4576
282 319 341 381 118
646 314 709 372 Lib.
727 313 763 368 H.
784 314 850 384 Cap.
869 313 905 368 ΙΙ.

240 514 363 600 negatio
386 514 501 580 omissa
522 514 580 581 est.
623 512 760 578 Eandem
780 512 928 578 orationis
948 513 1079 578 formam
1100 509 1194 575 habet
1207 507 1307 574 Oaesar

241 624 276 688 B.
306 622 342 689 G.
371 621 441 700 VII,
468 621 519 698 47,
550 621 570 682 d
599 620 631 685 et
658 619 740 684 Piin.
769 619 885 703 Paneg.
916 619 952 680 17
986 617 1123 684 restituit
1155 615 1306 682 Gesnerns

241 737 418 807 (necnon
441 729 573 802 modo).
601 726 719 793 Omitto
740 725 874 791 similem
896 723 1095 807 negationum
1118 740 1305 796 concursum,

240 855 310 901 cum
343 835 473 901 dicitur:
506 854 578 900 non
610 833 702 917 quia
733 867 784 907 -,
817 829 974 898 ideirco
1007 851 1082 897 non
1115 833 1148 895 et
1182 826 1304 894 similia.

241 941 384 1008 Senserat
416 941 576 1008 seutentiae
612 938 723 1006 vitium
755 937 924 1003 Manutius.
979 937 1077 1018 [Non
1110 935 1184 1002 addi
1215 934 1308 1001 voluit

241 1050 409 1128 Ernestins‚
432 1048 487 1114 sed
509 1050 581 1113 ante
602 1044 810 1130 profectu]

340 1212 419 1278 Ibid.
453 1212 511 1275 159
540 1209 605 1290 (ubi
633 1211 737 1295 agitur
764 1210 802 1274 de
829 1207 1001 1290 suspicione
1022 1226 1041 1273 a
1061 1205 1257 1273 Timarchide
1278 1206 1307 1270 in

242 1318 362 1384 Metelli
390 1317 489 1383 filium
518 1317 684 1394 coniecta):
715 1314 740 1381 0
764 1313 1041 1390 Timarchide,
1064 1311 1228 1378 Metelli
1250 1316 1307 1377 est

104 1493 117 1508 ,
241 1425 360 1490 filius
393 1424 432 1488 in
469 1423 679 1508 provincia
711 1441 785 1487 non
819 1438 934 1502 puer,
971 1417 1040 1484 sed
1073 1417 1307 1484 adolescens

241 1530 394 1612 pudens
429 1548 471 1596 ac
503 1530 644 1608 bouus,
678 1528 825 1613 dignus
855 1525 932 1591 iilo
961 1526 1048 1591 ioco
1077 1525 1307 1590 eonomine.

242 1632 312 1699 Non
334 1634 436 1698 minus
451 1653 477 1698 a
498 1636 652 1701 Ciceronis
674 1654 732 1700 usu
762 1633 908 1699 abhorret
927 1631 994 1696 haec
1016 1630 1166 1696 orationis
1190 1631 1306 1697 aversio

242 1739 280 1805 ad
317 1739 473 1807 hominem
510 1743 736 1824 contemptum,
773 1741 825 1824 qui
862 1756 1015 1822 nusquam
1052 1736 1165 1804 iudicio
1204 1737 1306 1803 adesse

242 1844 436 1929 significatur
457 1851 510 1924 (-
532 1865 602 1912 nam
625 1847 765 1923 testium
788 1847 820 1910 in
842 1862 918 1928 quos
940 1846 1043 1910 orat-or
1065 1842 1231 1922 inuehitur
1251 1843 1307 1908 alia

243 1954 291 2016 est
312 1970 404 2018 causa
427 1957 490 2030 -),
512 1970 606 2035 quam
628 1952 793 2036 praeposita
814 1952 953 2017 vocativo
975 1949 1130 2016 interiect
1123 1968 1159 2015 ιο.
1211 1947 1307 2014 Codex

243 2059 378 2140 optimus
400 2059 488 2144 (Lag.
511 2059 565 2136 42)
587 2059 734 2142 scriptum
763 2057 858 2124 habet
844 2055 1156 2132 tTimarchidi
1186 2075 1223 2122 ex
1251 2073 1343 2139 quo

242 2164 493 2231 manifestissima
516 2165 669 2231 enascitur
691 2164 883 2230 emendatio:
905 2163 946 2230 ds
968 2161 1180 2230 Timarchidi!
1210 2164 1263 2229 int
1249 2164 1305 2229 ter·

242 2271 365 2353 ponitur
404 2273 563 2337 exclamat
541 2277 584 2337 tro
625 2271 817 2357 indignantis
853 2270 892 2335 de
927 2269 1121 2353 impudentia
1157 2269 1305 2344 hominis;

243 2378 354 2445 deinde
376 2382 473 2445 oratio
499 2378 580 2444 redit
602 2379 640 2444 ad
662 2397 728 2443 rem
751 2379 783 2444 et
804 2377 842 2442 ad
864 2376 992 2442 iudices.

341 2543 418 2609 ibid.
445 2545 519 2608 176:
542 2545 647 2610 Mala
668 2547 729 2610 est
751 2546 830 2610 haec
850 2542 1028 2626 quidem,
1050 2545 1094 2608 ut
1115 2542 1218 2622 dixi,
1241 2544 1306 2609 de·
1340 2621 1341 2626 ,

242 2650 376 2716 fensio
412 2669 455 2716 ac
491 2649 628 2733 potius
664 2650 829 2732 perdita
868 2651 1124 2715 maximorum
1167 2668 1306 2732 pecca·

242 2757 388 2831 torum,
421 2753 540 2820 huius
571 2757 704 2822 autem
737 2761 775 2823 et
807 2757 1050 2839 iniquitatis
1082 2757 1122 2821 et
1149 2756 1306 2821 inertia
1339 2833 1340 2838 ἵ

245 2859 463 2936 confessio,
486 2880 562 2927 oon
584 2861 768 2928 defensio
786 2861 989 2941 criminis3
1011 2861 1224 2928 sedtamen
1240 2860 1306 2926 hac

244 2967 332 3047 ipsa
353 2964 448 3043 tibi,
472 2967 505 3032 si
529 2968 590 3033 uti
611 2969 768 3053 cupias,
790 2987 864 3035 non
886 2968 997 3034 iicet.
1041 2970 1180 3051 Apparet
1200 2968 1305 3034 vitiose

186 3154 188 3158 Ι
242 3076 274 3135 et
307 3070 487 3138 inconcinne
514 3073 563 3138 bis
595 3075 667 3158 poni
696 3071 950 3139 defensionis
977 3093 1089 3140 nomen
1119 3093 1155 3140 ac
1177 3076 1305 3158 primun

242 3176 357 3242 maiam
386 3177 447 3244 dici
476 3179 695 3255 defensionem,
726 3179 837 3246 deinde
865 3180 973 3264 negari
1003 3180 1212 3247 defensionem
1235 3197 1304 3245 esse.

244 3283 302 3348 Sed
325 3285 443 3350 codices
464 3287 714 3368 praestantissimi
735 3287 763 3351 V
779 3289 811 3350 et
825 3287 849 3350 F
865 3287 897 3350 et
911 3287 1058 3352 mendum
1072 3286 1118 3353 sic
1134 3285 1304 3371 coarguunt
1337 3359 1338 3368 2

241 3392 278 3454 ut
297 3390 437 3472 pluribus
459 3392 560 3458 verbis
581 3393 629 3458 uti
650 3412 711 3458 non
733 3411 810 3474 opus
832 3392 883 3472 sit
910 3395 943 3457 et
964 3393 1207 3458 emendationem
1231 3391 1303 3457 clare

242 3499 433 3574 monstrant;
455 3498 500 3563 sic
522 3499 604 3563 enim
624 3499 657 3564 in
673 3499 712 3564 iis
727 3499 888 3564 scribitur:
903 3493 1018 3565 'Mala
1039 3501 1102 3566 est
1122 3499 1203 3566 haec
1224 3499 1303 3582 qui·

243 3599 345 3676 dem,
382 3604 425 3667 ut
461 3603 561 3678 dixi,
598 3622 642 3670 ac
678 3605 817 3688 potius
851 3605 1016 3688 perdita
1053 3607 1303 3672 maximorum

242 3711 518 3790 peccatorum,
539 3709 657 3776 huius
681 3713 813 3777 autem
836 3711 1082 3796 iniquitatis
1100 3709 1303 3778 etinertiae

243 3813 500 3880 confessione
534 3815 801 3896 (confession.
824 3817 862 3902 F)
899 3817 1083 3884 defensio
1116 3818 1301 3884 criminis.

242 3918 325 3984 Hinc
351 3919 497 3986 facillime
526 3923 672 3996 nascitur,
705 3922 787 4006 quod
821 3941 858 3989 ex
893 3925 975 3990 omni
1008 3925 1096 4007 parte
1125 3924 1300 3990 satisfaciat:

244 4024 350 4090 Mala
372 4029 433 4092 est
454 4026 534 4092 haec
556 4028 733 4110 quidem,
755 4030 798 4094 ut
820 4029 920 4109 dixi,
942 4029 1301 4112 acpotiusperdita

240 4119 344 4212 Ι<ι>
372 4133 630 4197 maximorum
659 4137 934 4215 peccatorum,
963 4136 1081 4202 huius
1111 4137 1241 4202 autem
1270 4135 1300 4199 et
