<?xml version="1.0" encoding="UTF-8"?>
<!DOCTYPE html PUBLIC "-//W3C//DTD XHTML 1.0 Transitional//EN"
    "http://www.w3.org/TR/xhtml1/DTD/xhtml1-transitional.dtd">
<html xmlns="http://www.w3.org/1999/xhtml" xml:lang="en" lang="en">
 <head>
  <title>
</title>
<meta http-equiv="Content-Type" content="text/html;charset=utf-8" />
  <meta name='ocr-system' content='tesseract 3.04.00' />
  <meta name='ocr-capabilities' content='ocr_page ocr_carea ocr_par ocr_line ocrx_word'/>
</head>
<body>
  <div class='ocr_page' id='page_1' title='image "./adversariacriti01madvgoog_0221.png"; bbox 0 0 2740 4572; ppageno 0'>
   <div class='ocr_carea' id='block_1_1' title="bbox 275 285 902 355">
    <p class='ocr_par' dir='ltr' id='par_1_1' title="bbox 275 285 902 355">
     <span class='ocr_line' id='line_1_1' title="bbox 275 285 902 355; baseline -0.021 -2"><span class='ocrx_word' id='word_1_1' title='bbox 275 289 338 354; x_wconf 70' lang='lat' dir='ltr'><strong>m</strong></span> <span class='ocrx_word' id='word_1_2' title='bbox 634 285 902 355; x_wconf 58' lang='lat' dir='ltr'>mmmm</span> 
     </span>
    </p>
   </div>
   <div class='ocr_carea' id='block_1_2' title="bbox 232 481 1325 992">
    <p class='ocr_par' dir='ltr' id='par_1_2' title="bbox 232 481 1325 992">
     <span class='ocr_line' id='line_1_2' title="bbox 234 481 1320 571; baseline -0.007 -19"><span class='ocrx_word' id='word_1_3' title='bbox 234 504 452 571; x_wconf 78' lang='lat' dir='ltr'>votumque</span> <span class='ocrx_word' id='word_1_4' title='bbox 474 485 560 550; x_wconf 91' lang='lat' dir='ltr'>sine</span> <span class='ocrx_word' id='word_1_5' title='bbox 582 502 702 550; x_wconf 84' lang='lat' dir='ltr'>sensu</span> <span class='ocrx_word' id='word_1_6' title='bbox 723 483 945 549; x_wconf 90' lang='lat' dir='ltr'>iacentium</span> <span class='ocrx_word' id='word_1_7' title='bbox 967 483 1194 564; x_wconf 83' lang='lat' dir='ltr'>torperent</span> <span class='ocrx_word' id='word_1_8' title='bbox 1215 481 1320 562; x_wconf 87' lang='lat' dir='ltr'>pal-</span> 
     </span>
     <span class='ocr_line' id='line_1_3' title="bbox 232 586 1322 674; baseline -0.007 -19"><span class='ocrx_word' id='word_1_9' title='bbox 232 589 377 674; x_wconf 86' lang='lat' dir='ltr'>pitatio</span> <span class='ocrx_word' id='word_1_10' title='bbox 392 608 599 673; x_wconf 87' lang='lat' dir='ltr'>corporum</span> <span class='ocrx_word' id='word_1_11' title='bbox 616 589 698 656; x_wconf 85' lang='lat' dir='ltr'>sine</span> <span class='ocrx_word' id='word_1_12' title='bbox 718 586 1322 654; x_wconf 79' lang='lat' dir='ltr'>intermissionevibrantinm.</span> 
     </span>
     <span class='ocr_line' id='line_1_4' title="bbox 234 691 1325 782; baseline -0.005 -20"><span class='ocrx_word' id='word_1_13' title='bbox 234 696 362 782; x_wconf 84' lang='lat' dir='ltr'>Torpori</span> <span class='ocrx_word' id='word_1_14' title='bbox 405 715 566 763; x_wconf 88' lang='lat' dir='ltr'>nervorum</span> <span class='ocrx_word' id='word_1_15' title='bbox 601 696 766 762; x_wconf 86' lang='lat' dir='ltr'>iacentium</span> <span class='ocrx_word' id='word_1_16' title='bbox 804 693 988 762; x_wconf 85' lang='lat' dir='ltr'>eontrauiam</span> <span class='ocrx_word' id='word_1_17' title='bbox 1025 692 1098 775; x_wconf 88' lang='lat' dir='ltr'>poni</span> <span class='ocrx_word' id='word_1_18' title='bbox 1134 691 1325 758; x_wconf 86' lang='lat' dir='ltr'>eounudem</span> 
     </span>
     <span class='ocr_line' id='line_1_5' title="bbox 233 797 1320 885; baseline -0.006 -17"><span class='ocrx_word' id='word_1_19' title='bbox 233 821 406 881; x_wconf 84' lang='lat' dir='ltr'>nervorum,</span> <span class='ocrx_word' id='word_1_20' title='bbox 428 821 487 868; x_wconf 92' lang='lat' dir='ltr'>non</span> <span class='ocrx_word' id='word_1_21' title='bbox 511 801 612 868; x_wconf 84' lang='lat' dir='ltr'>nescio</span> <span class='ocrx_word' id='word_1_22' title='bbox 642 820 770 885; x_wconf 87' lang='lat' dir='ltr'>quorum</span> <span class='ocrx_word' id='word_1_23' title='bbox 796 819 966 883; x_wconf 81' lang='lat' dir='ltr'>conponum,</span> <span class='ocrx_word' id='word_1_24' title='bbox 990 797 1178 866; x_wconf 75' lang='lat' dir='ltr'><strong>vibrantium</strong></span> <span class='ocrx_word' id='word_1_25' title='bbox 1201 798 1320 881; x_wconf 87' lang='lat' dir='ltr'>palpi-</span> 
     </span>
     <span class='ocr_line' id='line_1_6' title="bbox 233 903 1317 992; baseline -0.006 -17"><span class='ocrx_word' id='word_1_26' title='bbox 233 909 383 975; x_wconf 76' lang='lat' dir='ltr'><strong>tationem</strong></span> <span class='ocrx_word' id='word_1_27' title='bbox 406 910 549 992; x_wconf 80' lang='lat' dir='ltr'>apparet3</span> <span class='ocrx_word' id='word_1_28' title='bbox 579 908 685 992; x_wconf 83' lang='lat' dir='ltr'>itaque</span> <span class='ocrx_word' id='word_1_29' title='bbox 714 925 924 990; x_wconf 86' lang='lat' dir='ltr'>corporum</span> <span class='ocrx_word' id='word_1_30' title='bbox 946 910 1030 972; x_wconf 87' lang='lat' dir='ltr'>recte</span> <span class='ocrx_word' id='word_1_31' title='bbox 1051 903 1139 972; x_wconf 84' lang='lat' dir='ltr'>uncis</span> <span class='ocrx_word' id='word_1_32' title='bbox 1160 906 1317 970; x_wconf 85' lang='lat' dir='ltr'>notatum</span> 
     </span>
    </p>
   </div>
   <div class='ocr_carea' id='block_1_3' title="bbox 232 1011 1322 1612">
    <p class='ocr_par' dir='ltr' id='par_1_3' title="bbox 232 1011 1322 1612">
     <span class='ocr_line' id='line_1_7' title="bbox 233 1011 1316 1097; baseline -0.005 -17"><span class='ocrx_word' id='word_1_33' title='bbox 233 1017 297 1092; x_wconf 80' lang='lat' dir='ltr'>eet3</span> <span class='ocrx_word' id='word_1_34' title='bbox 319 1034 424 1083; x_wconf 83' lang='lat' dir='ltr'>verum</span> <span class='ocrx_word' id='word_1_35' title='bbox 448 1034 508 1080; x_wconf 92' lang='lat' dir='ltr'>nou</span> <span class='ocrx_word' id='word_1_36' title='bbox 530 1014 712 1097; x_wconf 83' lang='lat' dir='ltr'>simpliciter</span> <span class='ocrx_word' id='word_1_37' title='bbox 733 1013 900 1080; x_wconf 88' lang='lat' dir='ltr'>delendum</span> <span class='ocrx_word' id='word_1_38' title='bbox 922 1012 954 1078; x_wconf 91' lang='lat' dir='ltr'>id</span> <span class='ocrx_word' id='word_1_39' title='bbox 977 1012 1157 1078; x_wconf 85' lang='lat' dir='ltr'>uocabulum</span> <span class='ocrx_word' id='word_1_40' title='bbox 1175 1013 1234 1090; x_wconf 80' lang='lat' dir='ltr'>est,</span> <span class='ocrx_word' id='word_1_41' title='bbox 1251 1011 1316 1076; x_wconf 88' lang='lat' dir='ltr'>sed</span> 
     </span>
     <span class='ocr_line' id='line_1_8' title="bbox 232 1116 1322 1212; baseline -0.005 -27"><span class='ocrx_word' id='word_1_42' title='bbox 232 1122 478 1188; x_wconf 75' lang='lat' dir='ltr'>transferendum</span> <span class='ocrx_word' id='word_1_43' title='bbox 502 1122 658 1187; x_wconf 88' lang='lat' dir='ltr'>inlocum</span> <span class='ocrx_word' id='word_1_44' title='bbox 682 1119 773 1202; x_wconf 85' lang='lat' dir='ltr'>paulo</span> <span class='ocrx_word' id='word_1_45' title='bbox 803 1120 1001 1212; x_wconf 74' lang='lat' dir='ltr'>superiorem,</span> <span class='ocrx_word' id='word_1_46' title='bbox 1030 1117 1082 1182; x_wconf 92' lang='lat' dir='ltr'>nbi</span> <span class='ocrx_word' id='word_1_47' title='bbox 1109 1135 1170 1181; x_wconf 92' lang='lat' dir='ltr'>non</span> <span class='ocrx_word' id='word_1_48' title='bbox 1201 1116 1322 1181; x_wconf 77' lang='lat' dir='ltr'>minus</span> 
     </span>
     <span class='ocr_line' id='line_1_9' title="bbox 232 1222 1318 1310; baseline -0.006 -17"><span class='ocrx_word' id='word_1_49' title='bbox 232 1229 397 1293; x_wconf 82' lang='lat' dir='ltr'>manifesto</span> <span class='ocrx_word' id='word_1_50' title='bbox 426 1227 627 1306; x_wconf 80' lang='lat' dir='ltr'>desideratur,</span> <span class='ocrx_word' id='word_1_51' title='bbox 656 1245 748 1310; x_wconf 88' lang='lat' dir='ltr'>qnam</span> <span class='ocrx_word' id='word_1_52' title='bbox 774 1225 826 1291; x_wconf 90' lang='lat' dir='ltr'>hic</span> <span class='ocrx_word' id='word_1_53' title='bbox 852 1224 998 1304; x_wconf 74' lang='lat' dir='ltr'>abundat</span> <span class='ocrx_word' id='word_1_54' title='bbox 1027 1222 1318 1306; x_wconf 79' lang='lat' dir='ltr'>scribendumque:</span> 
     </span>
     <span class='ocr_line' id='line_1_10' title="bbox 232 1330 1317 1418; baseline -0.004 -21"><span class='ocrx_word' id='word_1_55' title='bbox 232 1333 666 1418; x_wconf 79' lang='lat' dir='ltr'>tabesqueeoupornmin</span> <span class='ocrx_word' id='word_1_56' title='bbox 689 1353 729 1398; x_wconf 88' lang='lat' dir='ltr'>se</span> <span class='ocrx_word' id='word_1_57' title='bbox 749 1331 1087 1416; x_wconf 82' lang='lat' dir='ltr'>putrescentium.</span> <span class='ocrx_word' id='word_1_58' title='bbox 1110 1330 1317 1396; x_wconf 75' lang='lat' dir='ltr'>Vocabulum</span> 
     </span>
     <span class='ocr_line' id='line_1_11' title="bbox 232 1437 1319 1524; baseline -0.004 -20"><span class='ocrx_word' id='word_1_59' title='bbox 232 1441 263 1504; x_wconf 92' lang='lat' dir='ltr'>in</span> <span class='ocrx_word' id='word_1_60' title='bbox 287 1439 391 1506; x_wconf 91' lang='lat' dir='ltr'>codice</span> <span class='ocrx_word' id='word_1_61' title='bbox 413 1442 587 1506; x_wconf 86' lang='lat' dir='ltr'>nostrornm</span> <span class='ocrx_word' id='word_1_62' title='bbox 611 1438 776 1524; x_wconf 83' lang='lat' dir='ltr'>archetypo</span> <span class='ocrx_word' id='word_1_63' title='bbox 798 1456 872 1505; x_wconf 81' lang='lat' dir='ltr'>casn</span> <span class='ocrx_word' id='word_1_64' title='bbox 893 1438 1041 1503; x_wconf 86' lang='lat' dir='ltr'>ornieemn</span> <span class='ocrx_word' id='word_1_65' title='bbox 1064 1437 1141 1502; x_wconf 88' lang='lat' dir='ltr'>etin</span> <span class='ocrx_word' id='word_1_66' title='bbox 1164 1438 1319 1520; x_wconf 86' lang='lat' dir='ltr'>margine</span> 
     </span>
     <span class='ocr_line' id='line_1_12' title="bbox 233 1544 1054 1612; baseline -0.006 -1"><span class='ocrx_word' id='word_1_67' title='bbox 233 1549 373 1612; x_wconf 87' lang='lat' dir='ltr'>notatum</span> <span class='ocrx_word' id='word_1_68' title='bbox 395 1548 461 1612; x_wconf 85' lang='lat' dir='ltr'>loco</span> <span class='ocrx_word' id='word_1_69' title='bbox 484 1565 543 1611; x_wconf 93' lang='lat' dir='ltr'>non</span> <span class='ocrx_word' id='word_1_70' title='bbox 565 1547 648 1612; x_wconf 88' lang='lat' dir='ltr'>recto</span> <span class='ocrx_word' id='word_1_71' title='bbox 670 1545 799 1610; x_wconf 87' lang='lat' dir='ltr'>orationi</span> <span class='ocrx_word' id='word_1_72' title='bbox 820 1546 969 1610; x_wconf 85' lang='lat' dir='ltr'>insertum</span> <span class='ocrx_word' id='word_1_73' title='bbox 996 1544 1054 1609; x_wconf 85' lang='lat' dir='ltr'>est.</span> 
     </span>
    </p>
   </div>
   <div class='ocr_carea' id='block_1_4' title="bbox 231 1683 1361 2495">
    <p class='ocr_par' dir='ltr' id='par_1_4' title="bbox 231 1683 1361 2495">
     <span class='ocr_line' id='line_1_13' title="bbox 333 1683 1312 1770; baseline -0.003 -21"><span class='ocrx_word' id='word_1_74' title='bbox 333 1686 412 1751; x_wconf 86' lang='lat' dir='ltr'>ibid.</span> <span class='ocrx_word' id='word_1_75' title='bbox 425 1686 482 1750; x_wconf 86' lang='lat'>48:</span> <span class='ocrx_word' id='word_1_76' title='bbox 504 1705 715 1770; x_wconf 86' lang='lat' dir='ltr'><strong>numquam</strong></span> <span class='ocrx_word' id='word_1_77' title='bbox 737 1685 842 1751; x_wconf 83' lang='lat' dir='ltr'>satie</span> <span class='ocrx_word' id='word_1_78' title='bbox 862 1683 1091 1767; x_wconf 86' lang='lat' dir='ltr'>profectum</span> <span class='ocrx_word' id='word_1_79' title='bbox 1109 1685 1205 1762; x_wconf 84' lang='lat' dir='ltr'>erit,</span> <span class='ocrx_word' id='word_1_80' title='bbox 1222 1684 1312 1749; x_wconf 89' lang='lat' dir='ltr'>nisi</span> 
     </span>
     <span class='ocr_line' id='line_1_14' title="bbox 233 1791 1317 1873; baseline 0 -19"><span class='ocrx_word' id='word_1_81' title='bbox 233 1791 391 1873; x_wconf 87' lang='lat' dir='ltr'>qualem</span> <span class='ocrx_word' id='word_1_82' title='bbox 423 1792 544 1857; x_wconf 92' lang='lat' dir='ltr'>debet</span> <span class='ocrx_word' id='word_1_83' title='bbox 576 1793 688 1858; x_wconf 90' lang='lat' dir='ltr'>deum</span> <span class='ocrx_word' id='word_1_84' title='bbox 722 1794 854 1858; x_wconf 90' lang='lat' dir='ltr'>mente</span> <span class='ocrx_word' id='word_1_85' title='bbox 887 1791 1136 1873; x_wconf 75' lang='lat' dir='ltr'>conceperit,</span> <span class='ocrx_word' id='word_1_86' title='bbox 1171 1792 1317 1856; x_wconf 68' lang='lat' dir='ltr'>omniav</span> 
     </span>
     <span class='ocr_line' id='line_1_15' title="bbox 232 1879 1361 1981; baseline 0.001 -21"><span class='ocrx_word' id='word_1_87' title='bbox 232 1896 872 1976; x_wconf 81' lang='lat' dir='ltr'>habentem,omniatribuentem</span> <span class='ocrx_word' id='word_1_88' title='bbox 896 1879 1142 1962; x_wconf 81' lang='lat' dir='ltr'>beneficium</span> <span class='ocrx_word' id='word_1_89' title='bbox 1165 1897 1309 1981; x_wconf 84' lang='lat' dir='ltr'>gratis.</span> <span class='ocrx_word' id='word_1_90' title='bbox 1357 1921 1361 1928; x_wconf 91' lang='lat'><em>·</em></span> 
     </span>
     <span class='ocr_line' id='line_1_16' title="bbox 231 2001 1310 2087; baseline 0 -20"><span class='ocrx_word' id='word_1_91' title='bbox 231 2002 390 2076; x_wconf 81' lang='lat' dir='ltr'>Mendnm</span> <span class='ocrx_word' id='word_1_92' title='bbox 408 2002 491 2087; x_wconf 91' lang='lat' dir='ltr'>qnod</span> <span class='ocrx_word' id='word_1_93' title='bbox 510 2003 541 2067; x_wconf 92' lang='lat' dir='ltr'>in</span> <span class='ocrx_word' id='word_1_94' title='bbox 565 2005 810 2070; x_wconf 85' lang='lat' dir='ltr'>beneficium</span> <span class='ocrx_word' id='word_1_95' title='bbox 833 2003 1033 2069; x_wconf 82' lang='lat' dir='ltr'>manifestum</span> <span class='ocrx_word' id='word_1_96' title='bbox 1048 2006 1104 2083; x_wconf 81' lang='lat' dir='ltr'>est,</span> <span class='ocrx_word' id='word_1_97' title='bbox 1120 2021 1182 2068; x_wconf 94' lang='lat' dir='ltr'>nna</span> <span class='ocrx_word' id='word_1_98' title='bbox 1195 2001 1310 2068; x_wconf 83' lang='lat' dir='ltr'>littera</span> 
     </span>
     <span class='ocr_line' id='line_1_17' title="bbox 232 2108 1309 2195; baseline 0 -21"><span class='ocrx_word' id='word_1_99' title='bbox 232 2109 353 2175; x_wconf 80' lang='lat' dir='ltr'>sublata</span> <span class='ocrx_word' id='word_1_100' title='bbox 374 2108 523 2175; x_wconf 82' lang='lat' dir='ltr'>facillime</span> <span class='ocrx_word' id='word_1_101' title='bbox 551 2112 696 2176; x_wconf 82' lang='lat' dir='ltr'>sanetur:</span> <span class='ocrx_word' id='word_1_102' title='bbox 729 2110 907 2177; x_wconf 80' lang='lat' dir='ltr'>beneficum</span> <span class='ocrx_word' id='word_1_103' title='bbox 935 2110 1076 2195; x_wconf 84' lang='lat' dir='ltr'>gratis.</span> <span class='ocrx_word' id='word_1_104' title='bbox 1126 2109 1309 2174; x_wconf 82' lang='lat' dir='ltr'>Mercedem</span> 
     </span>
     <span class='ocr_line' id='line_1_18' title="bbox 231 2215 1361 2301; baseline -0.002 -21"><span class='ocrx_word' id='word_1_105' title='bbox 231 2215 447 2294; x_wconf 87' lang='lat' dir='ltr'>beneficiorum</span> <span class='ocrx_word' id='word_1_106' title='bbox 481 2217 557 2282; x_wconf 85' lang='lat' dir='ltr'>deus</span> <span class='ocrx_word' id='word_1_107' title='bbox 586 2235 646 2283; x_wconf 93' lang='lat' dir='ltr'>non</span> <span class='ocrx_word' id='word_1_108' title='bbox 675 2217 794 2301; x_wconf 86' lang='lat' dir='ltr'>quaerit.</span> <span class='ocrx_word' id='word_1_109' title='bbox 848 2215 986 2282; x_wconf 82' lang='lat' dir='ltr'>Eandem</span> <span class='ocrx_word' id='word_1_110' title='bbox 1019 2216 1207 2282; x_wconf 88' lang='lat' dir='ltr'>senteutiam</span> <span class='ocrx_word' id='word_1_111' title='bbox 1239 2215 1309 2279; x_wconf 91' lang='lat' dir='ltr'>alio</span> <span class='ocrx_word' id='word_1_112' title='bbox 1360 2238 1361 2261; x_wconf 57' lang='lat' dir='ltr'>u</span> 
     </span>
     <span class='ocr_line' id='line_1_19' title="bbox 231 2322 1313 2407; baseline 0.001 -21"><span class='ocrx_word' id='word_1_113' title='bbox 231 2322 323 2388; x_wconf 89' lang='lat' dir='ltr'>modo</span> <span class='ocrx_word' id='word_1_114' title='bbox 345 2323 511 2400; x_wconf 74' lang='lat' dir='ltr'>continent,</span> <span class='ocrx_word' id='word_1_115' title='bbox 534 2343 601 2407; x_wconf 85' lang='lat' dir='ltr'>quae</span> <span class='ocrx_word' id='word_1_116' title='bbox 623 2327 803 2406; x_wconf 82' lang='lat' dir='ltr'>sequnntur,</span> <span class='ocrx_word' id='word_1_117' title='bbox 834 2325 942 2388; x_wconf 71' lang='lat' dir='ltr'>verbex</span> <span class='ocrx_word' id='word_1_118' title='bbox 975 2323 1065 2402; x_wconf 75' lang='lat' dir='ltr'>Quae</span> <span class='ocrx_word' id='word_1_119' title='bbox 1100 2341 1218 2389; x_wconf 88' lang='lat' dir='ltr'>causa</span> <span class='ocrx_word' id='word_1_120' title='bbox 1241 2329 1313 2388; x_wconf 85' lang='lat' dir='ltr'>est</span> 
     </span>
     <span class='ocr_line' id='line_1_20' title="bbox 233 2428 811 2495; baseline 0 -3"><span class='ocrx_word' id='word_1_121' title='bbox 233 2429 295 2494; x_wconf 85' lang='lat' dir='ltr'>dis</span> <span class='ocrx_word' id='word_1_122' title='bbox 316 2428 625 2495; x_wconf 77' lang='lat' dir='ltr'>benefaciendi?</span> <span class='ocrx_word' id='word_1_123' title='bbox 647 2430 811 2495; x_wconf 82' lang='lat' dir='ltr'>Natura.</span> 
     </span>
    </p>
   </div>
   <div class='ocr_carea' id='block_1_5' title="bbox 231 2580 1360 3304">
    <p class='ocr_par' dir='ltr' id='par_1_5' title="bbox 231 2580 1360 3304">
     <span class='ocr_line' id='line_1_21' title="bbox 332 2580 1360 2660; baseline 0.001 -15"><span class='ocrx_word' id='word_1_124' title='bbox 332 2580 409 2648; x_wconf 82' lang='lat' dir='ltr'>ibid.</span> <span class='ocrx_word' id='word_1_125' title='bbox 432 2583 489 2646; x_wconf 81' lang='lat'>50:</span> <span class='ocrx_word' id='word_1_126' title='bbox 522 2582 679 2648; x_wconf 86' lang='lat' dir='ltr'><strong>Primus</strong></span> <span class='ocrx_word' id='word_1_127' title='bbox 712 2583 774 2647; x_wconf 83' lang='lat' dir='ltr'>eet</span> <span class='ocrx_word' id='word_1_128' title='bbox 807 2581 970 2646; x_wconf 83' lang='lat' dir='ltr'>deorum</span> <span class='ocrx_word' id='word_1_129' title='bbox 999 2582 1137 2647; x_wconf 84' lang='lat' dir='ltr'>cultus</span> <span class='ocrx_word' id='word_1_130' title='bbox 1168 2628 1309 2645; x_wconf 81' lang='lat'><strong>.....</strong></span> <span class='ocrx_word' id='word_1_131' title='bbox 1359 2653 1360 2660; x_wconf 7' lang='grc' dir='ltr'>χ</span> 
     </span>
     <span class='ocr_line' id='line_1_22' title="bbox 232 2687 1304 2773; baseline 0.003 -22"><span class='ocrx_word' id='word_1_132' title='bbox 232 2688 337 2752; x_wconf 85' lang='lat' dir='ltr'>scire</span> <span class='ocrx_word' id='word_1_133' title='bbox 356 2687 456 2753; x_wconf 80' lang='lat' dir='ltr'>illos</span> <span class='ocrx_word' id='word_1_134' title='bbox 478 2706 581 2768; x_wconf 78' lang='lat' dir='ltr'>esse,</span> <span class='ocrx_word' id='word_1_135' title='bbox 605 2690 668 2772; x_wconf 92' lang='lat' dir='ltr'>qui</span> <span class='ocrx_word' id='word_1_136' title='bbox 691 2688 914 2772; x_wconf 77' lang='lat' dir='ltr'>president</span> <span class='ocrx_word' id='word_1_137' title='bbox 935 2688 1092 2768; x_wconf 84' lang='lat' dir='ltr'>mundo,</span> <span class='ocrx_word' id='word_1_138' title='bbox 1121 2690 1187 2773; x_wconf 90' lang='lat' dir='ltr'>qni</span> <span class='ocrx_word' id='word_1_139' title='bbox 1209 2691 1304 2755; x_wconf 93' lang='lat' dir='ltr'>uni·</span> 
     </span>
     <span class='ocr_line' id='line_1_23' title="bbox 233 2793 1306 2879; baseline 0.005 -22"><span class='ocrx_word' id='word_1_140' title='bbox 233 2809 349 2857; x_wconf 85' lang='lat' dir='ltr'>uersa</span> <span class='ocrx_word' id='word_1_141' title='bbox 366 2793 403 2857; x_wconf 84' lang='lat' dir='ltr'>ui</span> <span class='ocrx_word' id='word_1_142' title='bbox 426 2811 495 2858; x_wconf 88' lang='lat' dir='ltr'>sua</span> <span class='ocrx_word' id='word_1_143' title='bbox 516 2795 845 2878; x_wconf 81' lang='lat' dir='ltr'>temperant‚qui</span> <span class='ocrx_word' id='word_1_144' title='bbox 864 2795 1027 2860; x_wconf 90' lang='lat' dir='ltr'>hnmani</span> <span class='ocrx_word' id='word_1_145' title='bbox 1050 2797 1214 2879; x_wconf 79' lang='lat' dir='ltr'>generis</span> <span class='ocrx_word' id='word_1_146' title='bbox 1235 2800 1306 2862; x_wconf 90' lang='lat' dir='ltr'>tu·</span> 
     </span>
     <span class='ocr_line' id='line_1_24' title="bbox 231 2897 1308 2986; baseline 0.004 -23"><span class='ocrx_word' id='word_1_147' title='bbox 231 2897 353 2963; x_wconf 90' lang='lat' dir='ltr'>telam</span> <span class='ocrx_word' id='word_1_148' title='bbox 376 2903 522 2981; x_wconf 83' lang='lat' dir='ltr'>gerunt</span> <span class='ocrx_word' id='word_1_149' title='bbox 543 2899 746 2967; x_wconf 86' lang='lat' dir='ltr'>interdum</span> <span class='ocrx_word' id='word_1_150' title='bbox 764 2899 1197 2986; x_wconf 81' lang='lat' dir='ltr'>curioeieingulorum.</span> <span class='ocrx_word' id='word_1_151' title='bbox 1221 2901 1308 2968; x_wconf 86' lang='lat' dir='ltr'>Mire</span> 
     </span>
     <span class='ocr_line' id='line_1_25' title="bbox 233 3003 1359 3092; baseline 0.007 -25"><span class='ocrx_word' id='word_1_152' title='bbox 233 3004 264 3069; x_wconf 91' lang='lat' dir='ltr'>di</span> <span class='ocrx_word' id='word_1_153' title='bbox 292 3003 444 3069; x_wconf 88' lang='lat' dir='ltr'>interdum</span> <span class='ocrx_word' id='word_1_154' title='bbox 475 3006 619 3072; x_wconf 87' lang='lat' dir='ltr'>dicuntur</span> <span class='ocrx_word' id='word_1_155' title='bbox 641 3009 762 3092; x_wconf 85' lang='lat' dir='ltr'>singule</span> <span class='ocrx_word' id='word_1_156' title='bbox 784 3026 897 3087; x_wconf 84' lang='lat' dir='ltr'>curare,</span> <span class='ocrx_word' id='word_1_157' title='bbox 927 3009 1014 3092; x_wconf 83' lang='lat' dir='ltr'>qnasi</span> <span class='ocrx_word' id='word_1_158' title='bbox 1038 3008 1219 3092; x_wconf 88' lang='lat' dir='ltr'>plerumque</span> <span class='ocrx_word' id='word_1_159' title='bbox 1240 3029 1305 3076; x_wconf 91' lang='lat' dir='ltr'>non</span> <span class='ocrx_word' id='word_1_160' title='bbox 1358 3007 1359 3075; x_wconf 79' lang='lat' dir='ltr'><strong>i</strong></span> 
     </span>
     <span class='ocr_line' id='line_1_26' title="bbox 231 3109 1304 3198; baseline 0.006 -24"><span class='ocrx_word' id='word_1_161' title='bbox 231 3112 348 3175; x_wconf 86' lang='lat' dir='ltr'>curent.</span> <span class='ocrx_word' id='word_1_162' title='bbox 393 3109 508 3178; x_wconf 84' lang='lat' dir='ltr'>Seneca</span> <span class='ocrx_word' id='word_1_163' title='bbox 528 3115 709 3196; x_wconf 87' lang='lat' dir='ltr'>scripserat:</span> <span class='ocrx_word' id='word_1_164' title='bbox 743 3115 947 3179; x_wconf 85' lang='lat' dir='ltr'>interdum</span> <span class='ocrx_word' id='word_1_165' title='bbox 976 3114 1131 3180; x_wconf 82' lang='lat' dir='ltr'>incuriosi</span> <span class='ocrx_word' id='word_1_166' title='bbox 1160 3115 1304 3198; x_wconf 81' lang='lat' dir='ltr'>singu·</span> 
     </span>
     <span class='ocr_line' id='line_1_27' title="bbox 231 3217 1303 3304; baseline 0.003 -23"><span class='ocrx_word' id='word_1_167' title='bbox 231 3217 377 3297; x_wconf 84' lang='lat' dir='ltr'>lorum,</span> <span class='ocrx_word' id='word_1_168' title='bbox 400 3218 436 3281; x_wconf 88' lang='lat' dir='ltr'>ut</span> <span class='ocrx_word' id='word_1_169' title='bbox 456 3237 530 3283; x_wconf 89' lang='lat' dir='ltr'>cura</span> <span class='ocrx_word' id='word_1_170' title='bbox 551 3219 741 3304; x_wconf 84' lang='lat' dir='ltr'>singulorum</span> <span class='ocrx_word' id='word_1_171' title='bbox 764 3219 1077 3286; x_wconf 85' lang='lat' dir='ltr'>administrandorum</span> <span class='ocrx_word' id='word_1_172' title='bbox 1098 3221 1303 3304; x_wconf 83' lang='lat' dir='ltr'>intelligatur.</span> 
     </span>
    </p>
   </div>
   <div class='ocr_carea' id='block_1_6' title="bbox 128 3357 1358 4189">
    <p class='ocr_par' dir='ltr' id='par_1_6' title="bbox 230 3357 1358 3880">
     <span class='ocr_line' id='line_1_28' title="bbox 332 3357 1358 3445; baseline 0.002 -21"><span class='ocrx_word' id='word_1_173' title='bbox 332 3357 412 3425; x_wconf 89' lang='lat' dir='ltr'>ibid.</span> <span class='ocrx_word' id='word_1_174' title='bbox 435 3360 474 3421; x_wconf 79' lang='lat'>57</span> <span class='ocrx_word' id='word_1_175' title='bbox 505 3379 568 3444; x_wconf 87' lang='lat' dir='ltr'><strong>sq.:</strong></span> <span class='ocrx_word' id='word_1_176' title='bbox 601 3361 731 3427; x_wconf 85' lang='lat' dir='ltr'>ceteri</span> <span class='ocrx_word' id='word_1_177' title='bbox 890 3363 1000 3426; x_wconf 85' lang='lat' dir='ltr'>inter</span> <span class='ocrx_word' id='word_1_178' title='bbox 1028 3362 1151 3428; x_wconf 86' lang='lat' dir='ltr'><strong>missa</strong></span> <span class='ocrx_word' id='word_1_179' title='bbox 1180 3378 1301 3445; x_wconf 86' lang='lat' dir='ltr'>appe·</span> <span class='ocrx_word' id='word_1_180' title='bbox 1357 3363 1358 3426; x_wconf 82' lang='lat' dir='ltr'><strong>i</strong></span> 
     </span>
     <span class='ocr_line' id='line_1_29' title="bbox 231 3431 1358 3552; baseline 0.005 -26"><span class='ocrx_word' id='word_1_181' title='bbox 231 3462 391 3546; x_wconf 89' lang='lat' dir='ltr'>titaqne</span> <span class='ocrx_word' id='word_1_182' title='bbox 414 3465 473 3541; x_wconf 90' lang='lat' dir='ltr'>(sic</span> <span class='ocrx_word' id='word_1_183' title='bbox 493 3471 576 3532; x_wconf 91' lang='lat' dir='ltr'>recte</span> <span class='ocrx_word' id='word_1_184' title='bbox 598 3469 730 3533; x_wconf 86' lang='lat' dir='ltr'>Hermes</span> <span class='ocrx_word' id='word_1_185' title='bbox 753 3486 788 3533; x_wconf 86' lang='lat' dir='ltr'>ex</span> <span class='ocrx_word' id='word_1_186' title='bbox 809 3470 837 3533; x_wconf 85' lang='grc' dir='ltr'><strong>Α</strong></span> <span class='ocrx_word' id='word_1_187' title='bbox 859 3472 891 3533; x_wconf 86' lang='lat' dir='ltr'>et</span> <span class='ocrx_word' id='word_1_188' title='bbox 913 3468 939 3533; x_wconf 94' lang='lat' dir='ltr'>B</span> <span class='ocrx_word' id='word_1_189' title='bbox 962 3487 1015 3552; x_wconf 84' lang='lat' dir='ltr'>pre</span> <span class='ocrx_word' id='word_1_190' title='bbox 1043 3468 1154 3533; x_wconf 87' lang='lat' dir='ltr'>inter</span> <span class='ocrx_word' id='word_1_191' title='bbox 1175 3468 1301 3533; x_wconf 90' lang='lat' dir='ltr'>inter·</span> <span class='ocrx_word' id='word_1_192' title='bbox 1357 3431 1358 3483; x_wconf 46' lang='lat'>¹</span> 
     </span>
     <span class='ocr_line' id='line_1_30' title="bbox 232 3567 1301 3645; baseline 0.007 -14"><span class='ocrx_word' id='word_1_193' title='bbox 232 3567 370 3645; x_wconf 86' lang='lat' dir='ltr'><strong>missa)</strong></span> <span class='ocrx_word' id='word_1_194' title='bbox 398 3570 575 3638; x_wconf 84' lang='lat' dir='ltr'>alternis</span> <span class='ocrx_word' id='word_1_195' title='bbox 603 3573 872 3641; x_wconf 74' lang='lat' dir='ltr'>fluctuantur.</span> <span class='ocrx_word' id='word_1_196' title='bbox 916 3574 1042 3640; x_wconf 83' lang='lat' dir='ltr'>Causa</span> <span class='ocrx_word' id='word_1_197' title='bbox 1070 3573 1189 3639; x_wconf 81' lang='lat' dir='ltr'><strong>huius</strong></span> <span class='ocrx_word' id='word_1_198' title='bbox 1218 3574 1301 3638; x_wconf 87' lang='lat' dir='ltr'>iao-</span> 
     </span>
     <span class='ocr_line' id='line_1_31' title="bbox 231 3674 1302 3765; baseline 0.007 -28"><span class='ocrx_word' id='word_1_199' title='bbox 231 3674 408 3740; x_wconf 84' lang='lat' dir='ltr'>tationis</span> <span class='ocrx_word' id='word_1_200' title='bbox 443 3678 521 3756; x_wconf 76' lang='lat' dir='ltr'>eet,</span> <span class='ocrx_word' id='word_1_201' title='bbox 561 3681 661 3762; x_wconf 91' lang='lat' dir='ltr'>quod</span> <span class='ocrx_word' id='word_1_202' title='bbox 702 3680 808 3746; x_wconf 93' lang='lat' dir='ltr'>nibil</span> <span class='ocrx_word' id='word_1_203' title='bbox 850 3681 985 3765; x_wconf 89' lang='lat' dir='ltr'>liquet</span> <span class='ocrx_word' id='word_1_204' title='bbox 1020 3679 1302 3746; x_wconf 84' lang='lat' dir='ltr'>incertissimo</span> 
     </span>
     <span class='ocr_line' id='line_1_32' title="bbox 230 3779 1302 3866; baseline 0.005 -22"><span class='ocrx_word' id='word_1_205' title='bbox 230 3779 430 3864; x_wconf 84' lang='lat' dir='ltr'>regimine</span> <span class='ocrx_word' id='word_1_206' title='bbox 453 3785 682 3866; x_wconf 84' lang='lat' dir='ltr'>utentibus,</span> <span class='ocrx_word' id='word_1_207' title='bbox 705 3788 816 3852; x_wconf 86' lang='lat' dir='ltr'>fama.</span> <span class='ocrx_word' id='word_1_208' title='bbox 860 3789 895 3852; x_wconf 89' lang='lat' dir='ltr'>In</span> <span class='ocrx_word' id='word_1_209' title='bbox 913 3787 1068 3854; x_wconf 89' lang='lat' dir='ltr'>codicibus</span> <span class='ocrx_word' id='word_1_210' title='bbox 1083 3786 1140 3850; x_wconf 83' lang='lat' dir='ltr'>AB</span> <span class='ocrx_word' id='word_1_211' title='bbox 1156 3785 1302 3852; x_wconf 81' lang='lat' dir='ltr'>scribitur</span> 
     </span>
    </p>

    <p class='ocr_par' dir='ltr' id='par_1_7' title="bbox 128 3885 1356 4189">
     <span class='ocr_line' id='line_1_33' title="bbox 128 3885 1300 3976; baseline 0.006 -27"><span class='ocrx_word' id='word_1_212' title='bbox 128 3885 131 3892; x_wconf 86' lang='lat'>&#39;</span> <span class='ocrx_word' id='word_1_213' title='bbox 232 3888 497 3975; x_wconf 82' lang='lat' dir='ltr'>causarisque</span> <span class='ocrx_word' id='word_1_214' title='bbox 520 3892 777 3967; x_wconf 82' lang='lat' dir='ltr'>(iactationis</span> <span class='ocrx_word' id='word_1_215' title='bbox 800 3892 981 3976; x_wconf 82' lang='lat' dir='ltr'>ent)‚quod</span> <span class='ocrx_word' id='word_1_216' title='bbox 998 3893 1300 3958; x_wconf 87' lang='lat' dir='ltr'>excausahnins</span> 
     </span>
     <span class='ocr_line' id='line_1_34' title="bbox 231 3996 1302 4081; baseline 0.005 -21"><span class='ocrx_word' id='word_1_217' title='bbox 231 3999 333 4061; x_wconf 91' lang='lat' dir='ltr'>ortum</span> <span class='ocrx_word' id='word_1_218' title='bbox 355 4015 504 4061; x_wconf 83' lang='lat' dir='ltr'>essenon</span> <span class='ocrx_word' id='word_1_219' title='bbox 532 3999 645 4079; x_wconf 88' lang='lat' dir='ltr'>potest.</span> <span class='ocrx_word' id='word_1_220' title='bbox 700 3996 816 4081; x_wconf 84' lang='lat' dir='ltr'>Opinon</span> <span class='ocrx_word' id='word_1_221' title='bbox 845 4000 1040 4065; x_wconf 84' lang='lat' dir='ltr'>scribendum</span> <span class='ocrx_word' id='word_1_222' title='bbox 1070 4017 1152 4065; x_wconf 84' lang='lat' dir='ltr'>esse:</span> <span class='ocrx_word' id='word_1_223' title='bbox 1176 4000 1302 4065; x_wconf 83' lang='lat' dir='ltr'>Causa</span> 
     </span>
     <span class='ocr_line' id='line_1_35' title="bbox 230 4102 1299 4189; baseline 0.004 -19"><span class='ocrx_word' id='word_1_224' title='bbox 230 4120 332 4189; x_wconf 81' lang='lat' dir='ltr'>usque</span> <span class='ocrx_word' id='word_1_225' title='bbox 355 4102 598 4167; x_wconf 86' lang='lat' dir='ltr'>iactationis</span> <span class='ocrx_word' id='word_1_226' title='bbox 620 4106 697 4183; x_wconf 78' lang='lat' dir='ltr'>eet,</span> <span class='ocrx_word' id='word_1_227' title='bbox 721 4107 811 4186; x_wconf 88' lang='lat' dir='ltr'>paulo</span> <span class='ocrx_word' id='word_1_228' title='bbox 834 4106 940 4171; x_wconf 86' lang='lat' dir='ltr'>durius</span> <span class='ocrx_word' id='word_1_229' title='bbox 957 4106 1100 4171; x_wconf 86' lang='lat' dir='ltr'>adverbio</span> <span class='ocrx_word' id='word_1_230' title='bbox 1115 4107 1226 4187; x_wconf 81' lang='lat' dir='ltr'>posue,</span> <span class='ocrx_word' id='word_1_231' title='bbox 1246 4105 1299 4169; x_wconf 93' lang='lat' dir='ltr'>ubi</span> 
     </span>
    </p>
   </div>
   <div class='ocr_carea' id='block_1_7' title="bbox 1352 4349 1355 4542">
    <p class='ocr_par' dir='ltr' id='par_1_8' title="bbox 1352 4323 1355 4542">
     <span class='ocr_line' id='line_1_36' title="bbox 1352 4349 1355 4542; baseline 0 0"><span class='ocrx_word' id='word_1_232' title='bbox 1352 4349 1355 4542; x_wconf 83' lang='lat' dir='ltr'><strong>i</strong></span> 
     </span>
    </p>
   </div>
   <div class='ocr_carea' id='block_1_8' title="bbox 0 0 1374 4572">
    <p class='ocr_par' dir='ltr' id='par_1_9' title="bbox 0 0 1374 4572">
     <span class='ocr_line' id='line_1_37' title="bbox 0 0 1374 4572; baseline 0 0"><span class='ocrx_word' id='word_1_233' title='bbox 0 0 1374 4572; x_wconf 95' lang='lat' dir='ltr'> </span> 
     </span>
    </p>
   </div>
  </div>
 </body>
</html>
