2728 4582
487 283 696 340 Demosthenes.
1044 279 1084 342 35

62 471 246 548 αἰιολιπεῑν
268 474 386 548 αὐτόν.
431 481 574 546 Errorem
595 477 703 561 genuit
725 479 779 543 aut
793 477 904 544 littorae
919 504 941 564 η
956 478 1125 562 geminatio

61 587 113 652 aut
144 587 299 671 ignoratio
331 586 473 652 vocabuli
506 588 587 673 ἰθέη
615 585 753 651 obsolute
782 604 836 670 pro
858 585 1002 650 adverbio
1023 584 1127 666 positi,

61 693 320 774 quemadmodum
359 692 433 760 alibi
463 687 528 778 την
566 694 668 757 ἰθέαν
709 693 741 756 et
776 697 811 758 ἐκ
833 693 894 776 τῆς
916 695 1024 777 ἰθέης,
1046 691 1127 774 apud

62 798 222 865 Platonem
246 793 368 885 εόθείηι
390 801 577 883 περαίνειν.

500 1213 587 1299 Οορ’.
610 1207 682 1286 ΙΙἸ.

493 1370 703 1426 Demosthenes.

156 1558 383 1625 Demosthenis
406 1556 558 1623 orationes
580 1556 651 1622 inde
674 1559 712 1623 ab
735 1557 981 1625 duodevicesima
1010 1558 1128 1644 perlegi

59 1665 156 1732 tenuo
182 1685 210 1732 α.
252 1663 343 1743 1875,
371 1682 440 1728 cum
466 1662 647 1744 Leptineam
672 1663 785 1729 scholis
811 1666 1007 1731 enarraturus
1034 1685 1126 1740 eram,
1220 1687 1228 1696 ·

59 1789 131 1853 qnos
163 1771 327 1838 oculorum
358 1768 462 1834 subito
494 1767 708 1853 ingrauescens
735 1770 889 1836 hebetudo
912 1772 1055 1839 omittere
1076 1793 1127 1839 me

58 1877 165 1962 coegit.
213 1877 250 1941 In
273 1877 462 1942 selectione
483 1874 630 1940 nonnulla
651 1875 799 1941 annotavi
821 1876 853 1940 et
867 1879 1036 1960 emendari,
1059 1897 1127 1961 quse

58 1982 194 2049 editione
216 2002 278 2048 non
299 1979 429 2065 indigna
450 1984 562 2067 puto„

153 2157 276 2236 XVIII,
301 2157 376 2221 135:
414 2149 552 2222 Οόκοὺν
584 2151 641 2221 ὅτε
673 2153 798 2223 τούτου
825 2160 1010 2242 μέλλοντος
1038 2153 1128 2245 σίπη-

58 2265 157 2331 λασεν
181 2257 206 2349 ἦ
229 2259 339 2348 βουλή
362 2265 416 2329 καὶ
440 2266 644 2348 προσέταξεν
658 2266 770 2349 ἑτέρῳ,
788 2259 866 2329 τότε
882 2266 937 2331 καλ
953 2261 1127 2350 προδότην

58 2370 141 2436 εἶναι
176 2372 234 2437 καὶ
268 2358 443 2436 κακόνουν
469 2364 555 2455 όμῑν
588 2363 774 2454 α’πέφηνεν.
841 2371 1026 2437 Mendosnm
1061 2389 1127 2437 esse

58 2472 181 2544 τούτου
203 2479 391 2561 μέλλοντος
408 2495 463 2560 pro
479 2494 524 2552 θο,
547 2476 628 2560 quod
651 2475 712 2541 dici
735 2475 875 2556 debebat,
898 2477 1022 2543 τοῦτον
1044 2481 1127 2564 με’λ-

60 2587 158 2651 λοντα
184 2586 296 2670 λέγειν
317 2585 368 2649 vel
388 2584 494 2666 potius
515 2583 641 2648 τοῦτον
661 2585 830 2668 μέλλοντα
854 2577 1013 2650 σύνδικον
1033 2585 1127 2649 στέλ-

59 2695 195 2768 λεσθαι,
229 2692 372 2774 apparet;
407 2690 512 2772 itaque
534 2689 618 2754 varie
648 2690 681 2754 ot
710 2689 828 2755 librarii
848 2689 1073 2773 interpolarent
1095 2692 1127 2755 et

61 2799 211 2883 corrigere
249 2797 433 2864 recentiores
468 2797 638 2870 tentarunt,
673 2814 765 2861 nemo
801 2796 1013 2878 probabiliter.
1059 2796 1127 2868 ,nx-

60 2904 198 2970 oiderunt
219 2903 331 2969 litterae
353 2902 472 2986 aliquot
494 2904 618 2985 propter
645 2900 794 2968 similium
816 2903 969 2976 viciniam,
995 2923 1066 2968 oum
1081 2903 1126 2969 sic

60 3011 206 3096 sumptum
230 3010 354 3077 fuisset:
391 3003 529 3077 Οὐκοῦν
552 3003 609 3074 ὅτε
631 3009 791 3075 τοῦτον
806 3009 925 3092 <τοό
941 3005 1126 3095 δήμου)

61 3112 234 3190 ἑλόντος
254 3110 433 3202 οἷπὴλαοεν
454 3109 477 3200 ἠ
498 3109 609 3201 βοαλή
633 3140 662 3180 κ.
685 3141 714 3180 τ.
737 3117 767 3181 λ.

143 3223 225 3290 Ibid.
239 3224 314 3291 210:
333 3225 387 3290 καὶ
399 3217 688 3307 παραλαμβάνειν
698 3248 737 3309 γε
749 3217 822 3306 ἅμα
834 3222 877 3309 τῇ
888 3221 1058 3305 βακτηρίᾳ
1070 3223 1124 3287 κοιλ

61 3331 102 3415 τῷ
124 3323 289 3419 συμβόλῳ
311 3326 349 3396 τό
367 3326 526 3416 φρόνημα
542 3327 580 3395 τό
596 3329 658 3414 τῆς
673 3321 803 3402 πόλεως
817 3327 970 3414 νομίζειν
985 3337 1127 3395 ἕκαστον

61 3429 153 3520 όμαῖν
187 3438 250 3513 δεῖ,
282 3433 366 3503 ὅταν
397 3435 439 3503 τιί
471 3429 617 3523 ιλημόοια
645 3435 770 3521 εἰσίητε
798 3435 1007 3522 κρινοῦντες,
1030 3436 1126 3521 εἴπερ

63 3539 131 3618 ἄξια
162 3545 302 3610 ἐκείνων
332 3538 496 3629 πράττειν
525 3546 643 3610 οἴεσθε
665 3544 795 3628 χρῆναι.
849 3541 920 3607 Non
952 3542 1028 3608 salis
1061 3545 1128 3608 erat

63 3649 177 3718 indices
209 3653 319 3733 putare
348 3669 380 3716 se
410 3650 548 3716 civitatis
578 3649 673 3715 animi
701 3647 948 3733 magnItudinem
970 3642 1019 3727 (τό
1043 3644 1127 3734 φρό-

65 3781 153 3842 νημα
176 3753 214 3825 τό
237 3757 300 3842 τῆς
321 3750 466 3835 πόλεως)
499 3756 662 3839 suscipere,
696 3753 752 3821 sed
783 3755 885 3838 ipsum
917 3756 999 3822 huno
1031 3755 1127 3820 animi

64 3862 200 3931 habitum
221 3881 328 3948 reapse
351 3865 504 3946 suscipere
526 3863 686 3928 debebant.
726 3862 836 3944 ltaque
851 3881 974 3945 prorsus
990 3861 1127 3943 suspicor

67 3972 213 4055 νομίζειν
235 3970 318 4037 mala
339 3990 433 4036 mann
454 3970 595 4036 additum
618 3987 685 4035 esse
708 3969 1009 4050 Demosthenemquo
1031 3967 1125 4048 scrip-

67 4076 137 4143 sisse
157 4080 295 4144 tarcum:
330 4079 384 4145 καλ
407 4070 698 4162 παραλαμβάνειν
719 4100 757 4161 γε
791 4071 864 4160 ι’ίμα
887 4075 929 4162 τῇ
957 4071 1126 4160 βακτηρίᾳ

890 4213 925 4265 3*
