2712 4576
296 253 357 314 m
663 248 916 319 mmmm

253 451 340 517 tate
376 449 540 534 legatus
574 448 715 533 populi
750 445 917 514 Romani
959 465 1033 512 non
1068 443 1180 511 modo
1215 443 1323 529 igni,

254 558 376 635 lerro,
397 574 528 635 manu,
551 554 683 640 copiis
706 554 965 638 oppugnatus
988 552 1045 618 cet
1071 551 1225 638 [Priorem
1245 569 1322 618 cou-

253 663 400 730 iecturam
416 661 618 746 occupaverat
630 660 861 737 Hotomanuos3
887 658 1023 726 Orelliue
1040 656 1200 740 ascripsit:
1223 655 1321 737 „nihil

254 769 382 854 opus“l]

353 934 434 1002 Ibid.
457 933 534 997 134:
564 925 789 1013 Habonius,
822 932 889 1016 qui
917 933 1047 1017 legem
1068 932 1223 1006 nosset,
1245 949 1319 1013 que

253 1043 291 1109 in
324 1042 413 1127 lege
445 1038 632 1106 numerus
661 1041 816 1105 tentum
840 1035 1318 1109 columnarumtraditur‚

253 1146 536 1231 perpendiculi
568 1146 718 1211 mentio
750 1147 803 1211 fit
834 1146 966 1225 nulla,
995 1146 1035 1210 et
1065 1145 1226 1228 quinon
1248 1165 1318 1229 pu·

253 1258 362 1321 taret
383 1253 464 1320 sibi
486 1252 674 1336 expedire
696 1252 755 1317 ita
777 1253 978 1338 accipere,
994 1272 1039 1318 ne
1056 1250 1318 1318 eodemmodo

253 1360 495 1428 tradendum
527 1360 652 1436 esset,
688 1361 809 1443 negat
840 1358 880 1424 id
912 1358 993 1424 sibi
1021 1357 1175 1437 deberi,
1198 1363 1318 1442 negat

191 1549 193 1553 v
254 1468 442 1552 oportere
465 1465 581 1551 exigi.
608 1464 757 1531 *Etiamsi
786 1464 929 1530 tradendi
958 1466 1084 1532 verbum
1112 1464 1145 1530 in
1173 1466 1238 1531 toto
1261 1465 1317 1529 hoe

253 1575 321 1641 loco
344 1576 377 1638 ct
397 1574 428 1638 in
450 1573 510 1637 hac
530 1591 562 1637 re
584 1590 644 1637 non
666 1590 720 1655 per
741 1590 774 1636 se
797 1571 836 1635 ad
858 1572 958 1653 operis
977 1570 1110 1654 apriore
1124 1571 1315 1656 redemptore

253 1680 292 1745 ad
327 1698 441 1745 novum
472 1676 686 1744 transitionem
719 1677 887 1744 necessarie
924 1678 1102 1763 pertineret,
1138 1681 1243 1744 temen
1280 1676 1315 1741 do

253 1805 381 1851 numero
414 1784 625 1851 columnemm
656 1784 688 1847 in
721 1783 790 1869 lege
821 1785 904 1866 operi
937 1785 1078 1852 faciundo
1100 1785 1235 1852 indicato
1257 1803 1312 1850 nen

253 1893 418 1976 poneretur
440 1890 527 1974 quasi
549 1890 587 1956 de
608 1890 758 1955 memorie
778 1891 824 1955 rei
846 1891 885 1956 ad
906 1892 1123 1973 posteritatem
1151 1891 1312 1974 prodenda,

253 2016 353 2082 neque
374 1998 407 2063 in
429 1999 499 2083 lege
520 2015 666 2062 uumerus
687 1996 899 2062 columnarum
919 1998 1121 2079 indicabatur,
1144 2000 1210 2079 sed,
1228 2001 1265 2066 ut
1277 2001 1312 2064 ad

253 2124 416 2171 numerum
446 2104 649 2184 traderentur,
678 2089 941 2188 praescribebetur.
997 2105 1090 2189 Apud
1120 2105 1309 2173 Priscianum

253 2229 307 2294 pro
337 2210 519 2276 traditur
547 2206 690 2275 scribitur
714 2209 959 2276 traderetur.
1004 2210 1117 2295 Opinor
1138 2211 1309 2279 Ciceronem
1339 2245 1340 2273 r

249 2318 429 2402 scripsisse:
463 2336 537 2400 qua
568 2317 604 2381 in
638 2315 726 2400 lege
758 2335 945 2382 numerus
974 2318 1132 2382 tantum
1161 2320 1309 2385 colum·
1338 2345 1339 2369 r

249 2444 384 2524 narum
430 2424 522 2493 tradi
555 2422 696 2497 iubetur,
740 2423 1026 2508 perpendiculi
1068 2425 1221 2492 mentio
1262 2421 1338 2490 iit

250 2531 371 2596 nulla.
407 2531 416 2538 “
1336 2529 1337 2559 ¹

350 2693 429 2761 lbid.
458 2695 500 2773 ll,
533 2693 573 2756 22
607 2693 784 2776 (postquam
813 2692 918 2760 Cicero
952 2693 1030 2760 dixit
1052 2695 1090 2760 de
1108 2695 1213 2762 Naevio
1235 2697 1307 2762 Tur·

248 2800 377 2884 pioneu
408 2798 504 2865 Verre
535 2798 575 2863 ad
608 2799 811 2865 hereditatem
844 2819 863 2866 a
894 2799 992 2866 Dione
1021 2801 1186 2884 petendam
1218 2803 1334 2886 appo-1l

248 2907 338 2982 situl:
366 2906 522 2972 Etenim
551 2907 638 2971 erat
664 2905 863 2972 eiusmodi
884 2926 1020 2993 cauea,
1042 2911 1085 2974 ut
1105 2908 1192 2992 ipse
1214 2928 1304 2993 prae·

247 3015 327 3091 tor,
350 3031 432 3078 cum
456 3012 654 3096 quaereret
675 3011 1028 3098 calumniatorem,
1045 3016 1302 3100 paulotamen
1329 3059 1331 3132 Α

247 3118 610 3185 consideratiorem
631 3119 813 3202 reperire
834 3138 909 3186 nou
931 3122 1080 3201 posset.
1113 3122 1224 3189 Hunc
1244 3122 1303 3186 ho·

247 3226 390 3291 minem
412 3224 558 3292 Veneri
579 3224 776 3302 absolvit,
803 3225 882 3291 sibi
909 3227 1148 3294 condemnat
1170 3229 1229 3295 cet.
1272 3226 1301 3290 In

246 3333 304 3398 hac
317 3331 463 3398 cretionis
478 3333 576 3397 forma
590 3331 684 3397 nullis
700 3330 852 3398 machinis
866 3330 946 3397 ellici
960 3335 1071 3415 potest,
1087 3334 1125 3399 ut
1135 3353 1197 3400 nou
1211 3335 1300 3400 hunc

245 3438 444 3503 hominem
473 3437 576 3504 Cicero
603 3437 747 3503 Nerium
775 3439 962 3522 Turpionem
997 3439 1162 3524 significet.
1217 3438 1298 3522 Atqui

244 3542 369 3610 Naeriue
392 3545 550 3610 accusator
571 3562 670 3626 neque
689 3544 831 3611 damnari
853 3564 951 3630 neque
974 3546 1092 3612 absolvi
1121 3547 1233 3629 potuit,
1254 3541 1297 3611 sed

245 3650 314 3716 Dio.
367 3649 405 3714 Id
435 3668 506 3716 cum
533 3650 744 3716 Hotomanuus
775 3651 992 3729 intellexisset,
1020 3671 1074 3734 pro
1096 3652 1199 3719 huno
1220 3649 1296 3718 scribi

243 3757 342 3822 voluit
362 3755 436 3823 hic.
481 3754 542 3822 Sed
570 3775 667 3841 nequae
696 3755 762 3822 hic
783 3758 890 3840 aptum
913 3759 971 3835 est,
993 3777 1092 3842 neque
1113 3757 1295 3824 homiuem

246 3862 328 3928 recte
351 3863 389 3928 de
410 3861 509 3930 Dione
531 3862 654 3931 dicitur.
707 3863 779 3929 Sine
808 3864 900 3931 dubio
930 3865 1023 3931 verbe
1051 3867 1191 3948 quaedam
1214 3866 1294 3930 inter·

243 3969 393 4050 ciderunt,
424 3987 493 4036 cum
521 3969 626 4036 Cicero
655 3970 687 4036 in
711 3971 790 4036 hanc
818 3972 873 4037 aut
901 3970 1035 4037 similem
1062 3971 1194 4038 formam
1215 3971 1292 4050 scrip-

244 4075 352 4141 sisset:
384 4075 494 4140 Huuc
521 4074 720 4141 hominem
742 4079 865 4158 <cum
902 4077 1181 4160 apposuisset,
1214 4076 1291 4143 Dic·
