2740 4572
282 236 344 298 240
650 235 708 290 Lib.
727 235 764 290 Π.
783 235 848 306 Cap.
869 235 899 289 V.

231 451 380 515 nosses
416 429 547 497 videri
575 447 639 498 non
668 429 804 515 cupisse.
859 431 958 510 Quam
987 449 1160 516 sapouon
1183 431 1216 496 ot
1239 450 1320 497 oon
1356 447 1357 464 ³

230 537 367 606 eonfnsa
388 536 460 615 sint,
483 554 591 602 omnes
613 538 737 602 norunt.
746 537 779 614 ¹⁸)

340 642 418 710 lbid.
450 642 508 720 111,
537 642 575 708 3:
607 643 651 707 ut
682 645 823 709 nautor
856 661 1011 726 qnoque
1042 661 1086 708 ao
1117 643 1321 725 providos

240 751 510 834 permoveret,
544 749 691 836 vulgus
722 752 760 814 ot
788 749 917 815 aeteri
947 767 1061 814 unum
1084 749 1213 813 virum
1237 748 1320 813 du-

231 872 402 938 ·oomqua
418 901 432 922 ..
456 901 463 918 .
486 901 494 918 .
518 853 711 920 laudibus
732 855 896 921 terrant.
948 853 1033 920 Soiro
1054 855 1158 933 velim,
1181 854 1321 938 quinam

240 960 304 1026 siut
318 960 365 1038 illi
380 963 509 1028 aeteri
524 967 635 1045 praeter
649 959 770 1043 vulgus.
808 961 843 1026 In
859 961 965 1027 oodioa
983 959 1067 1025 Mod.
1090 960 1138 1026 ost
1158 961 1319 1026 ootaru.

233 1064 444 1132 2Soribondnm
464 1065 579 1150 igitur:
602 1066 746 1150 vulgus
768 1067 957 1132 netarum.
975 1065 1131 1134 ,lirroram
1154 1065 1316 1132 obiecisse

236 1169 363 1237 ridetur
385 1171 513 1254 pluralis
535 1173 620 1238 verbi
642 1190 797 1238 numerus.

341 1299 421 1366 lbid.
459 1302 496 1365 5:
539 1301 772 1366 Trabantur
807 1301 847 1365 iu
884 1299 1023 1382 partos
1057 1299 1151 1366 Sido
1188 1303 1321 1384 atque

243 1406 417 1474 Italious
438 1426 554 1492 regas
571 1406 805 1484 Suanorum,
828 1407 917 1490 quis
939 1407 1057 1471 vetus
1079 1393 1318 1489 obsequium

232 1529 334 1596 orgo
355 1513 552 1580 Romanos
575 1517 614 1578 ot
635 1530 733 1597 gans
750 1512 852 1578 tidei
874 1503 1129 1578 commissior
1149 1512 1318 1595 patien·
1359 1551 1360 1568 t

241 1616 331 1684 tior.
381 1619 433 1685 Sia
454 1620 548 1685 codex
575 1619 658 1684 Mat.
675 1618 834 1684 'mendose
878 1617 996 1684 Omitto
1017 1619 1218 1693 coniecturas,
1243 1637 1319 1702 quae

240 1741 279 1789 ne
298 1725 375 1806 ipsis
390 1724 514 1808 quidem
530 1725 706 1790 auotoritas
722 1725 797 1790 satis
814 1724 1003 1806 placuerunt.
1041 1723 1111 1788 Non
1126 1724 1316 1789 mutandam

233 1847 309 1894 ossa
332 1830 364 1895 in
388 1849 433 1908 eo,
459 1831 539 1914 quod
562 1831 817 1897 commissior
838 1829 991 1903 scribitur.
1022 1828 1224 1912 comparativi
1246 1829 1319 1896 ior·
1360 1912 1361 1916 Ἰ

241 1952 323 2000 mam
358 1935 520 2001 admonere
553 1935 686 2002 debebat
713 1936 744 2001 iu
773 1937 873 2003 altero
902 1937 1041 2003 membro
1071 1936 1205 2020 positum
1240 1954 1318 2018 pa·
1360 1925 1361 1958 ³

234 2041 431 2119 vtientior¹
461 2043 543 2125 quod
572 2043 673 2125 ipsum
697 2042 834 2109 ostendit
855 2043 886 2108 in
909 2042 970 2108 lide
996 2043 1054 2108 duo
1079 2042 1162 2107 inter
1182 2061 1215 2106 se
1238 2061 1318 2108 oon-

236 2146 314 2213 ·ierri
346 2148 508 2214 oouinnota
541 2150 573 2214 ot
605 2167 750 2215 connexa.
792 2131 870 2215 Indo
896 2148 962 2216 haeo
984 2149 1122 2216 nascitur
1142 2149 1317 2214 eorrectio:

218 2265 338 2338 'geos
360 2255 477 2336 fidei,
507 2273 568 2340 quo
597 2255 770 2330 remissior,
800 2255 1039 2339 patientior.
1083 2253 1174 2320 Sue'ni
1197 2272 1233 2319 eo
1256 2272 1317 2337 pa-

242 2361 403 2428 tientiores
425 2364 513 2428 erant
533 2360 615 2441 fidei,
638 2380 698 2445 qno
720 2363 878 2428 remissior
906 2381 962 2428 neo
993 2359 1128 2426 adducta
1150 2362 1183 2426 et
1206 2374 1319 2426 severa

235 2468 317 2532 orat.
363 2467 521 2535 Omissum
543 2468 575 2533 in
599 2468 697 2534 altero
728 2470 865 2535 membro
893 2487 937 2535 ao
967 2466 1049 2550 apud
1070 2464 1214 2532 'laoitnm
1236 2467 1320 2531 nihil

238 2590 317 2657 opus
340 2576 390 2640 ost
411 2574 557 2658 exemplis
579 2573 769 2640 confirmare.

344 2702 421 2769 lbid.
445 2704 480 2766 9:
511 2703 798 2770 Flavianarum
820 2702 996 2785 partium
1020 2698 1141 2765 onear
1161 2701 1317 2765 omissa

241 2808 393 2890 prioris
439 2809 613 2874 fortunae
659 2810 895 2876 defensione
945 2825 1013 2891 pro
1054 2806 1314 2889 Vespasiano

244 2912 475 2996 magnifiee,
493 2932 563 2997 pro
579 2933 697 2981 eausa
718 2916 915 2991 tidenter,
932 2913 976 2977 do
992 2911 1103 2977 exitu
1118 2911 1182 2990 (Mt
1199 2931 1316 2978 exer-

238 3017 344 3094 oitu)
366 3021 514 3097 securi,
546 3021 585 3085 in
608 3021 826 3088 Vitellium
848 3023 890 3087 ut
911 3017 1071 3084 inimici
1093 3036 1316 3102 praesnmp·

243 3141 331 3188 sera
354 3127 412 3190 oet.
457 3127 583 3193 Frustra
603 3127 670 3194 haeo
684 3128 791 3194 eontra
810 3125 1064 3204 Freinsheminm
1088 3124 1142 3209 qui
1165 3123 1317 3190 violenter

244 3247 316 3296 sana
346 3234 598 3316 rescripsere
628 3229 774 3300 substitui
803 3229 935 3311 nolebat,
966 3229 1191 3306 defenduntur;
1213 3250 1315 3316 neque

238 3337 326 3402 enim
349 3341 404 3405 aut
424 3359 619 3423 praesnmo
641 3341 680 3405 in
703 3341 877 3423 aliquam
898 3338 1037 3405 absolute
1052 3354 1184 3420 usquam
1200 3337 1315 3404 dieitur

264 3649 265 3654 ,
297 3595 325 3652 *Ι
344 3596 372 3650 0.
400 3597 434 3652 93
460 3614 516 3652 non
541 3596 702 3652 mutandum
729 3603 799 3651 erat·
817 3596 959 3664 violenter,
986 3603 1017 3649 ut
1043 3594 1212 3649 Puteolanus
1240 3593 1314 3660 iecit,

344 3690 509 3746 aviditate
528 3691 557 3745 ia
576 3689 736 3756 aviditas,
761 3688 810 3744 sed
833 3687 926 3757 potius
949 3687 1099 3743 tollendum
1118 3691 1204 3740 etex
1223 3693 1313 3740 extre·

344 3783 394 3839 mis
431 3784 530 3839 litteris
562 3782 745 3853 praecedentis
777 3780 905 3837 vocabuli
937 3787 1038 3835 ortum:
1076 3778 1313 3833 Germanorum

345 3876 581 3944 Gallorumque
610 3917 642 3930 ..
671 3890 813 3945 corpora
840 3874 990 3929 fluminis
1017 3871 1183 3928 aviditate
1212 3879 1312 3925 aestus

344 3970 561 4039 impatienti-a
598 3967 768 4024 labefecit.
824 3968 915 4023 AEstus
952 3966 1122 4036 impatientia
1154 3964 1313 4020 aviditatem

343 4061 462 4116 fluminis
480 4061 570 4117 effecit
589 4067 617 4115 et
634 4061 673 4116 ita
692 4075 807 4130 corpora
824 4059 961 4116 labefecit.
