2712 4576
425 267 566 322 Ciceronis
584 267 694 320 Brutus.
999 267 1056 330 109

7 59 14 203 l

8 220 11 274 l

9 351 13 423 l

4 432 13 516 ,Ι
32 463 147 544 tenpus
173 462 406 539 (habiturus
428 473 491 542 es),
522 463 665 548 quoniam
696 463 733 528 de
755 467 874 530 oratore
895 467 956 529 iam
978 463 1097 546 pridem

33 567 101 634 claro
128 573 164 634 et
192 572 354 637 consulatu
375 573 480 636 functo
504 570 667 637 dicandum
697 572 764 636 erat
792 570 922 636 habes.
975 570 1098 650 Perspi-

10 665 11 684 ³
32 693 114 740 cuum
139 679 192 741 est
214 676 314 760 igitur
334 697 487 744 summam
511 677 650 760 responsi
673 681 704 742 et
722 676 828 743 indicii
844 677 933 742 Bruti
948 675 1097 742 contineri

10 782 68 847 xhis
90 783 204 849 verbis
228 786 414 850 coniunctis:
445 784 547 865 Quid
570 803 710 849 censes
738 782 820 848 nisi
841 783 1016 848 similem
1038 783 1098 848 tui

10 959 11 980 ,
33 902 90 960 lna
114 909 204 953 eum
226 889 446 966 indicere)?
469 890 544 971 Quae
562 892 797 973 interponuntur
812 891 913 966 verba,
935 888 975 954 id
996 887 1098 971 quod

10 1027 11 1046 ι
34 995 247 1062 habiturus
270 1015 326 1074 es,
348 995 504 1078 pertinent
518 998 556 1062 cd
572 995 800 1076 declarandum,
823 994 978 1079 quid'ipse
994 994 1098 1060 Cicero

5 1173 6 1176 Ἴ
34 1100 60 1164 de
79 1101 144 1168 hoc
169 1104 258 1168 Bruti
283 1103 396 1169 iudicio
418 1123 564 1169 sensurus
587 1105 636 1168 sit.
682 1103 837 1186 Scriptum
859 1099 1099 1183 lucrataQuid

10 1207 188 1294 censes,
222 1210 372 1292 inquit,
394 1209 475 1275 nisi
497 1209 548 1286 (id
580 1209 681 1292 qnod
712 1208 884 1296 agniturus
905 1207 1098 1284 estsimi-

33 1315 101 1380 lem
125 1316 215 1381 tui?
244 1317 360 1382 Brutus
383 1317 561 1383 Ciceronem
588 1318 689 1399 ipsum
720 1318 798 1382 hanc
820 1315 959 1382 Marcelli
982 1313 1098 1380 simili-

9 1424 169 1512 ¹tudinem
202 1423 379 1506 agniturum
413 1442 479 1488 esse
512 1423 676 1507 significat.
730 1423 787 1489 His
809 1423 968 1506 aptissime
990 1421 1099 1486 adiun-

8 1525 13 1608 l
35 1533 146 1610 guntur
170 1549 216 1634 ea,
239 1550 307 1613 quae
329 1530 507 1612 sequnntur.

129 1648 213 1712 Ibid.
243 1647 321 1712 265:
355 1648 388 1712 L.
419 1647 665 1730 Torquatus,
699 1665 811 1730 quem
841 1649 884 1711 tu
915 1664 987 1710 non
1020 1649 1099 1710 tam

9 1755 109 1832 ³cito
130 1753 337 1818 rhetorem
360 1753 549 1832 dixisses,
581 1753 660 1818 etsi
691 1772 763 1818 non
786 1753 926 1818 deerat
948 1750 1098 1825 oratio,

9 1867 10 1948 ]
37 1875 161 1940 quarn,
184 1861 227 1923 ut
248 1859 375 1927 Greci
398 1860 553 1939 dieunt,
576 1853 823 1926 πολιτικόν.
869 1858 902 1924 L.
926 1859 1100 1942 Torquatus

4 2029 6 2033 ,
38 1967 218 2032 rhetorne
250 1966 333 2031 esset
361 1985 398 2033 aa
425 1965 546 2032 dicendi
574 1967 732 2052 magister,
762 1985 853 2032 nemo
874 1967 1044 2049 qnaerebatr
1067 1963 1100 2028 id

5 2133 10 2150 „
38 2093 124 2136 arnum
149 2074 309 2157 agebatur,
331 2077 472 2138 oratorne
494 2076 576 2140 esset
599 2092 636 2138 an
658 2075 779 2138 tantum
803 2075 894 2138 homo
910 2074 953 2139 rei
970 2071 1100 2154 publica

4 2187 10 2256 f
39 2181 158 2260 peritus.
203 2181 263 2257 (De
285 2178 392 2245 Graeco
413 2180 556 2254 nominis,
580 2181 661 2263 qnod
681 2182 728 2246 est
751 2173 868 2266 ῥήτωρ,
890 2199 948 2244 usu
970 2179 1100 2262 cogitari

39 2305 67 2348 eo
89 2287 192 2350 minus
213 2285 324 2366 potest,
347 2285 426 2369 quod
448 2286 480 2352 in
506 2287 602 2352 altero
616 2285 689 2370 'ipso
706 2287 768 2353 aori
782 2285 960 2352 πολιτικοῦ
977 2285 1100 2348 nomine

8 2390 132 2459 iGraeci
154 2411 229 2457 usus
258 2392 428 2475 proprietas
457 2415 476 2460 a
504 2397 615 2462 Latino
645 2395 828 2478 separatur.)
882 2391 998 2473 Ipsum,
1021 2389 1099 2474 qnod

6 2468 13 2562 i
39 2497 230 2582 adiungitur:
253 2501 332 2564 etsi
354 2518 425 2564 non
454 2503 595 2567 deerat
618 2500 764 2574 oratio,
786 2499 857 2564 lusu
876 2497 1007 2580 quodam
1031 2514 1100 2561 ver·

41 2603 145 2669 borum
181 2603 325 2684 ostendit,
362 2606 433 2690 quid
456 2607 561 2674 Cicero
598 2608 770 2692 scripserit:
803 2625 876 2672 non
909 2609 987 2670 tam
1021 2604 1100 2670 cito

44 2712 202 2778 oratorem
225 2712 417 2786 dixisses,
439 2716 518 2788 etsi
541 2735 612 2780 non
642 2716 783 2780 deerat
804 2712 950 2785 oratio,
973 2728 1095 2795 quam,

7 2831 8 2834 ’
40 2817 158 2883 utcat.
219 2817 365 2885 Mendum
400 2823 507 2886 natum
540 2823 588 2886 est
619 2839 654 2885 ex
688 2821 968 2896 citoratorem,
1003 2817 1099 2883 semel

6 3016 9 3025 Ι
45 2923 151 3006 scripta
173 2923 277 2990 littera
298 2945 331 3000 o;
355 2927 424 2991 tum
446 2928 526 2992 enim
551 2929 783 2994 erratorem
806 2929 921 2994 lactum
944 2927 992 2991 est
1013 2926 1099 2989 rhe-

5 3050 9 3104 ι
41 3029 207 3126 toremfl
244 3043 245 3047 ’

135 3157 213 3223 lbid.
247 3159 322 3222 304:
359 3165 628 3230 exercebatur
666 3179 743 3228 una
778 3162 870 3246 lege
902 3151 1099 3226 iudicium

4 3347 6 3392 1
44 3258 157 3329 Varia
177 3267 331 3331 ceteris
358 3275 528 3352 propter
556 3270 706 3335 bellurn
734 3267 1008 3345 intermissis,
1036 3268 1098 3331 cui

89 3532 114 3600 *)
133 3533 210 3602 §296
229 3537 318 3592 oratio
338 3538 378 3593 sic
394 3539 613 3612 interpungenda
627 3546 681 3596 ast:
701 3538 893 3607 assentior,
912 3535 969 3592 sed
988 3544 1099 3593 tamen

134 3643 200 3681 non
223 3627 293 3684 isto
318 3632 412 3688 modo
430 3634 495 3702 (qno
514 3641 544 3689 tn
561 3634 708 3704 loqueris);
735 3639 770 3687 ut
796 3631 970 3702 Polycliti
995 3630 1098 3702 dory-

133 3720 275 3789 phorum
308 3723 375 3781 sibi
403 3727 575 3798 Lysippus
607 3727 736 3795 aiebat,
765 3725 813 3781 sic
840 3731 877 3780 tn
904 3725 1099 3781 suasionem

134 3813 225 3883 legis
250 3815 402 3875 Serviliae
429 3821 494 3876 tibi
521 3821 719 3890 magistram
745 3819 855 3876 fuisse
874 3819 1001 3889 (aiebas);
1030 3819 1098 3873 haec

134 3923 291 3974 germana
317 3913 427 3970 ironia
455 3921 517 3971 est.
561 3915 593 3968 ln
617 3931 649 3970 ea
667 3915 898 3985 interpunctione,
917 3929 977 3982 quae
996 3914 1023 3967 in
1042 3910 1097 3965 edi·

135 4006 255 4062 tionibus
283 4013 333 4076 est,
359 4009 498 4077 particula
519 4015 553 4063 ut
577 4024 705 4076 perverse
724 4009 795 4063 inter
812 4010 906 4078 priora
925 4005 1006 4073 etid,
1025 4002 1097 4071 quod

135 4103 267 4172 seqnitur,
287 4103 339 4158 sic
356 4101 525 4159 distrahitur.
