2712 4576
340 279 478 334 Ciceronis
497 281 531 336 de
550 287 658 337 oratore
676 281 722 336 lib.
743 283 793 336 111.
1020 285 1058 347 95

40 474 158 539 illatum
195 480 252 561 est,
285 477 493 545 scribendum:
531 478 606 544 illa
641 497 732 545 vero
768 480 895 546 multo
929 481 1102 558 acriora,

40 599 113 661 quae
136 587 290 664 ponunt
311 601 416 666 paene
438 585 476 648 in
500 587 720 669 conspectu
745 588 883 662 animi,
914 607 995 671 quaa
1017 606 1102 654 cer-

38 705 122 750 nere
147 692 186 754 et
209 688 347 755 videre
370 709 443 756 non
467 709 696 773 possumus3
724 692 772 758 liis
800 695 880 758 enim
901 694 978 777 ipsis
998 695 1103 761 verbis

38 811 68 857 ea
100 794 324 878 significantur,
359 817 426 880 quae
459 798 497 862 ab
534 798 689 864 oculorum
713 817 804 865 sensu
827 799 994 878 ducentum
1026 801 1102 866 illa

37 899 238 966 oculorum
272 907 303 967 et
335 903 409 969 dure
443 905 474 968 et
502 903 649 970 inusitate
681 905 713 969 in
752 924 862 988 genere
899 907 1101 991 significando

36 1009 164 1087 ponitur.
210 1009 304 1074 Recte
326 1007 429 1087 etiam,
454 1011 570 1093 opinor,
594 1010 689 1076 codex
713 1011 950 1096 Bambergonsis
973 1033 991 1077 a
1013 1033 1100 1079 cer·

37 1111 85 1177 tis
107 1113 314 1190 sensibus,
335 1115 366 1179 id
391 1118 448 1194 est,
471 1117 589 1182 suiset
611 1116 792 1200 propriis.*)

503 1399 633 1466 Orator.

130 1563 220 1647 §232
243 1565 383 1647 itaque
405 1564 521 1630 nobis
543 1565 729 1630 monendi
750 1570 844 1634 sunt
872 1567 917 1643 ii,
942 1587 1097 1652 quornm

38 1688 158 1736 sermo
190 1670 407 1753 imperitus
429 1671 651 1752 increbuit,
681 1673 748 1756 qni
770 1675 838 1739 aut
865 1673 946 1739 dici
976 1695 1015 1742 se
1038 1677 1099 1743 de·

38 1776 217 1844 siderant
238 1776 401 1843 Atticos
432 1779 500 1843 aut
521 1779 600 1861 ipsi
623 1779 763 1845 Attice
785 1781 928 1846 volunt
950 1781 1100 1859 dicere,

38 1887 73 1948 ut
93 1884 296 1949 mirentur
315 1882 418 1947 hunc
440 1885 623 1962 maxime,
647 1903 719 1968 quo
742 1904 786 1950 ne
807 1886 987 1953 Athenas
1010 1891 1097 1972 qui·

38 1989 112 2054 dem
135 1989 247 2074 ipsas
268 1989 396 2073 magis
419 1990 535 2056 credo
559 1991 689 2056 luisse
709 1992 873 2058 Atticas
896 1995 954 2059 cet.
998 1995 1099 2060 Mani·

83 2259 109 2323 *l
127 2259 170 2313 Da
188 2258 203 2327 ἓ
222 2251 276 2312 1'74
300 2259 339 2314 sic
357 2265 555 2314 commentatus
575 2276 657 2330 eram,
680 2279 740 2317 cum
760 2262 826 2317 solis
844 2262 959 2332 Kayseri
978 2269 1006 2317 et
1027 2264 1099 2318 Hen-

129 2351 259 2406 richsenii
270 2352 401 2421 exemplis
411 2358 515 2407 uterer:
536 2353 702 2423 „Namque
720 2356 792 2409 haec
812 2354 875 2409 duo
894 2356 1024 2423 musici,
1044 2359 1098 2424 qui

130 2451 227 2500 erant
246 2445 412 2512 quondam
430 2427 535 2500 iidem
559 2454 681 2515 poetae,
710 2447 899 2503 machinati
922 2447 962 2501 ad
980 2448 1099 2520 volup-

130 2545 239 2593 tatem
259 2544 346 2600 sunt,
367 2553 501 2592 versum
520 2545 620 2608 etque
640 2545 787 2608 cantum,
816 2546 852 2593 ut
871 2546 902 2595 et
919 2541 1098 2598 verborum

129 2647 264 2687 numero
302 2636 335 2686 et
370 2647 485 2685 vocum
520 2632 620 2687 modo
652 2633 888 2688 delectatione
918 2635 1099 2690 vincerent

129 2725 260 2780 aurium
289 2725 492 2778 satietatem.
539 2725 648 2792 Omitto,
668 2725 696 2779 in
715 2743 769 2794 quo
791 2727 933 2782 Ernestius
952 2728 1041 2797 haesit,
1059 2730 1098 2783 in-

129 2833 240 2873 suavem
268 2815 448 2872 ablativorum
476 2833 651 2887 concursnm3
679 2825 771 2888 potest
799 2820 869 2874 enim
896 2820 990 2888 aliquo
1017 2822 1099 2877 modo

129 2911 254 2966 excusari
291 2910 363 2977 (vide
391 2910 508 2965 Gratum.
535 2912 596 2966 Lat.
626 2911 640 2980 ὅ
669 2910 721 2965 278
749 2927 766 2965 a
795 2911 837 2966 ed.
863 2916 946 2982 tert).
1007 2915 1099 2970 Minus

129 3003 256 3058 excusari
283 3007 376 3072 potest
399 3002 638 3059 delectatione
660 3011 724 3072 post
742 3004 811 3059 illud
830 3005 871 3059 ad
889 3005 1098 3076 voluptatem

130 3097 219 3153 otiose
239 3094 451 3164 superadditum.
497 3097 571 3151 Illud
589 3097 794 3152 excusationem
813 3113 869 3152 non
892 3100 999 3167 recipit,
1026 3100 1098 3168 quod

128 3189 244 3244 modus
280 3203 401 3243 vacum
432 3187 574 3258 (singulari
604 3191 727 3253 numero)
758 3206 873 3259 prorsus
904 3191 1034 3246 inusitate
1065 3193 1099 3248 de

128 3280 261 3336 variatate
280 3287 309 3335 et
327 3286 392 3350 apta
412 3283 608 3351 compositione
628 3282 735 3336 dicitur.
784 3282 881 3336 Omnia
908 3289 984 3337 recta
1011 3291 1099 3352 erunt,

22 3391 23 3396 ¹
128 3373 150 3428 si
179 3390 214 3427 ex
242 3372 348 3428 duabus
376 3373 487 3428 vocibus
515 3390 597 3429 unam
625 3373 747 3430 effeceris
767 3374 879 3429 adrem
899 3375 1098 3444 exprimendam

128 3473 219 3535 aptam
239 3471 267 3520 et
284 3467 483 3522 necessariam:
513 3472 544 3522 et
569 3483 688 3522 vocum
712 3464 900 3522 modulatione
918 3469 1099 3525 vincerent

128 3558 261 3614 aurium
282 3559 515 3616 satietatem.“
560 3560 593 3615 In
618 3559 731 3615 eandem
750 3560 946 3616 correctionem
964 3561 1099 3619 inciderat

127 3651 182 3705 iam
200 3650 326 3706 Orellius.
365 3653 379 3722 ᾖ
399 3653 459 3721 191,
477 3653 525 3707 ubi
547 3652 637 3708 editur
654 3653 800 3720 iunctio,
821 3654 1019 3710 restituendum
1038 3671 1097 3711 esse

128 3742 338 3809 coniunctio,
371 3752 402 3800 ut
434 3747 514 3801 Tusc.
542 3746 568 3814 I,
595 3747 624 3799 7]
657 3762 700 3800 me
726 3743 889 3802 admonente
918 3746 1019 3803 factum
1047 3755 1097 3817 est,

128 3836 248 3891 editores
277 3838 482 3893 recentissimos
517 3839 604 3894 codex
633 3838 843 3906 Bambergensis
876 3839 1021 3896 admonere
1052 3841 1096 3897 de·

125 3929 235 3996 buerat3
260 3929 422 3985 Lambinum
451 3931 530 3986 video
559 3930 743 3987 admonitione
772 3948 826 3986 non
855 3933 970 4002 eguisse.
1013 3933 1096 4000 Que-

126 4022 247 4076 stionis
283 4040 335 4079 vox
371 4040 421 4093 pro
459 4025 722 4091 conquestione
755 4043 769 4080 c
802 4026 880 4080 Bruti
914 4032 942 4080 et
973 4024 1095 4078 Oratoris

127 4115 241 4183 singulis
260 4115 329 4170 locis
348 4116 401 4171 iam
424 4117 533 4172 sublata
552 4121 602 4171 est.
