2712 4576
406 226 544 282 Ciceronis
563 226 708 281 orationes.
990 225 1046 288 141

30 421 192 488 orationem
226 440 294 486 csse
329 421 551 487 Mommsenius
586 421 675 496 uidit,
711 423 890 508 corrigendo
929 423 1092 491 aberravit.

30 527 93 593 iem
117 531 196 611 posi
217 547 291 593 nen
315 526 487 611 denique
509 527 677 610 requiritur
698 527 883 612 significatio
906 529 982 608 eius,
1010 530 1093 614 qued

15 635 187 726 uiridium
211 633 382 717 exspectari
402 633 554 700 debuerit.
598 634 671 699 Sine
694 633 788 701 dubio
811 636 960 718 scriptum
975 636 1091 703 fueret:

31 759 88 806 ren
112 739 825 826 denique<rcr>ruricicurtemq.
862 740 972 807 Noluit
987 743 1093 810 Cicero

32 865 153 913 senem
179 846 294 924 dicere,
317 845 463 929 quonium
485 847 560 912 sedis
583 851 649 912 eret
670 846 767 912 virilis
793 849 894 916 aeietis
915 848 1092 930 pontificem

31 954 156 1020 affuisse.
195 952 332 1019 Librsrio
354 953 456 1018 minus
478 951 644 1037 diligenter
665 954 840 1020 attendenti
858 954 956 1020 altere
970 957 1093 1040 negatio

32 1060 183 1126 abundare
204 1059 272 1124 vise
292 1059 392 1136 erist)

122 1187 204 1253 ibid.
238 1189 313 1254 141:
349 1188 478 1268 Quare
514 1188 611 1272 quid
647 1192 710 1254 esi
746 1190 903 1267 mirum,
940 1189 974 1254 si
1011 1187 1094 1254 iste

13 1299 153 1370 {rietus
177 1294 311 1361 furere
334 1294 577 1370 instinctus,
599 1298 755 1361 sceiere
772 1313 949 1379 preceps
967 1313 1095 1380 neque

13 1387 250 1468 'institutes
282 1402 532 1468 caerimonias
565 1401 754 1485 persequi
784 1422 910 1486 neque
932 1402 1094 1469 uerbum

13 1507 152 1572 ullum
175 1507 373 1572 sollemne
395 1508 532 1590 potuit
554 1508 701 1574 efferi?
743 1509 852 1593 Neque
882 1511 994 1573 furor
1015 1527 1094 1573 me·

33 1616 90 1678 ius
113 1613 395 1696 reebdieiturpro
418 1633 565 1697 pavere
586 1618 706 1698 eique
728 1615 878 1694 furore,
901 1633 999 1698 neque
1014 1615 1096 1680 ullus

34 1720 174 1785 minimus
203 1720 234 1785 iu
257 1718 365 1786 Clodio
393 1720 582 1804 significetur
610 1725 748 1788 metus.
804 1721 1004 1788 scribendum
1027 1722 1093 1788 est:

12 1825 143 1922 3rrcrrtis
165 1825 301 1892 furere
322 1827 558 1894 instinctus.

127 2015 174 2082 lie
196 2015 330 2102 harusp·
352 2033 437 2103 resp.
461 2018 497 2082 7:
519 2035 611 2082 uoce
634 2017 790 2082 denium
813 2018 941 2103 attigi
965 2020 1098 2104 legum

12 2192 13 2210 ἒ
36 2124 193 2188 initium
226 2125 264 2188 et
296 2121 451 2188 iudicii.
507 2122 568 2202 Qui
589 2123 814 2190 accusationem
836 2124 929 2190 elicui
951 2124 1096 2200 minetur,

11 2225 125 2312 *reque
153 2229 316 2294 initium
347 2247 445 2314 neque
473 2229 566 2295 finem
595 2227 700 2314 legum
731 2229 859 2296 dicende
881 2228 1019 2314 attingit,
1042 2228 1096 2293 sed

36 2337 82 2400 aui
101 2334 287 2418 simpliciter
308 2336 393 2420 leges
409 2337 475 2409 eui.
490 2336 570 2419 quud
586 2335 763 2402 Ciceronem
780 2335 939 2419 scripsisse
955 2334 1096 2410 arbitror,

36 2441 158 2526 legum
193 2443 313 2508 metum
345 2444 385 2506 ei
416 2442 575 2508 iudicii.
620 2443 733 2526 (Supra
766 2442 786 2522 ἕ
822 2443 838 2504 l
872 2440 1095 2524 periculum

11 2573 13 2646 f
37 2547 175 2614 iudicii
199 2547 353 2626 dixit.)**)
519 2635 521 2644 y

11 2661 13 2726 Ῡ
128 2675 209 2743 ibid.
247 2677 306 2742 46:
349 2676 432 2742 Nou
475 2676 723 2743 sedabantur
762 2676 991 2755 discordie,
1030 2679 1098 2742 sed

39 2783 150 2850 eiiam
172 2783 385 2848 crescebat
406 2783 444 2848 in
468 2801 533 2848 ees
556 2782 707 2862 odium,
730 2801 747 2848 a
770 2782 916 2866 quibus
938 2802 1008 2849 nos
1031 2783 1098 2850 de-

11 2875 15 2900 *
39 2889 413 2972 [cudibutubemur.
449 2888 487 2953 In
500 2888 658 2972 codicibus
674 2889 810 2974 antiquis
833 2890 925 2969 (PG)
948 2889 1099 2958 defensi

11 3057 12 3060 ,
39 2995 184 3061 scribitur.
200 2994 400 3060 scribendum
414 2993 481 3059 sine
494 2995 588 3064 dubie
600 2998 662 3063 esi:
677 3015 697 3062 a
711 2996 856 3079 quibus
871 2999 1097 3080 u0s<rren>

41 3098 189 3166 defensi
211 3102 466 3182 putabamur,
489 3103 545 3170 eui
568 3103 708 3170 tunium:
730 3119 749 3168 e
770 3101 918 3185 quibus
940 3119 1004 3168 rer
1029 3102 1099 3167 de-

40 3204 135 3273 fensi
157 3225 186 3290 p.
240 3205 310 3272 Nou
342 3208 374 3272 in
405 3225 438 3272 sc
472 3223 603 3290 suasque
635 3208 737 3290 partes
769 3207 892 3272 suetum
916 3209 1099 3290 posterum

42 3375 264 3388 ·-—-—-—...---—-

87 3496 111 3564 *)
129 3499 143 3568 5
163 3497 215 3552 132
233 3514 248 3553 e
268 3497 409 3553 codicibus
431 3496 633 3554 restituendum
658 3503 700 3552 cst
728 3513 766 3553 cx
793 3496 919 3551 vestris
947 3497 1099 3552 menibus

133 3607 167 3645 ec
184 3590 317 3646 fecibus
335 3592 445 3662 cripui
469 3591 529 3660 (pro
557 3590 733 3659 suricibus).
779 3590 803 3643 Ε
827 3588 952 3646 faucibus
977 3591 1099 3661 eripitur,

134 3683 206 3751 quod
224 3685 285 3752 quis
299 3683 431 3741 devorare
444 3690 568 3754 conetur,
581 3683 654 3753 quod
667 3683 700 3739 dc
712 3699 743 3737 re
756 3683 867 3752 publice
879 3684 972 3752 inepte
987 3685 1098 3753 dicitur3

134 3783 227 3831 orator
253 3776 410 3832 incendium
439 3778 500 3832 urbi
526 3779 690 3834 intentatum
717 3793 734 3832 e
761 3775 928 3832 Catilineriis
956 3778 1099 3848 significet.

134 3868 174 3924 De
191 3869 207 3940 ξ
226 3868 280 3924 140
298 3869 353 3924 dixi
376 3871 463 3923 Kleine
480 3873 648 3938 philoloqiscdc
668 3871 789 3938 Scbnflen
807 3887 833 3939 p.
853 3871 913 3926 373.

77 3957 118 4026 **)
135 3962 149 4032 5
167 3963 210 4028 25,
239 3961 274 4018 de
302 3979 356 4031 quo
384 3963 445 4018 leco
475 3963 531 4018 dixi
558 3964 628 4019 Λᾶν.
653 3961 717 4018 Cn'i.
741 3963 769 4016 ΙΙ
792 3980 818 4032 p.
837 3963 898 4031 225,
922 3963 1042 4018 sortasse
1065 3977 1097 4015 ex

135 4056 301 4113 liberatus
319 4055 422 4110 rectius
441 4055 558 4112 efficitur
576 4052 668 4111 iibere
688 4053 776 4112 eriiiu.
