2728 4582
284 269 326 333 84
545 269 597 323 Lib
630 269 650 323 1.
677 267 742 340 Cep.
764 269 794 322 V.
823 268 1009 324 Miscellanea.

342 464 516 544 LXXVIII,
552 465 610 530 22:
652 467 706 534 καί
740 459 759 532 d
793 460 946 535 Φλάκκος
978 460 1043 551 τη“ν
1075 466 1143 533 τῶν
1175 468 1305 550 τροφῶν

243 566 408 648 διοίδοσιν,
439 567 484 659 ἢν
506 567 524 638 ὁ
546 573 717 647 Μανίλιος
739 566 907 658 πρότερον
929 577 1001 658 ε”σχε
1024 572 1087 657 τῆς
1109 565 1181 638 κατ’
1204 564 1304 639 αύτού

242 680 470 766 συκοφαντίας
502 684 601 766 γέρας
633 673 779 766 εἰλήφει,
813 673 989 765 ἐπετράπη
1022 680 1077 746 καί
1110 671 1230 765 αύτήν·
1254 679 1304 745 καί

239 783 328 872 μετοί
352 787 452 855 τούτο
475 782 514 853 τό
537 812 573 855 τε
597 787 817 857 διαδίδοσθαί
838 813 914 854 τινα
938 792 975 852 ἐν
990 800 1065 861 ταῖς
1083 786 1152 853 τῶν
1167 811 1305 872 στρατη·

241 886 395 980 γούντων
416 918 510 962 πανυ
532 897 643 972 θέαις,
667 890 761 982 πλην
782 895 851 962 των
872 895 915 982 τῇ
943 888 1062 980 Φλύρη
1084 894 1304 979 τελουμένων,

242 995 451 1086 δικαιονύμοι
476 1006 507 1067 σί
529 998 594 1088 τη’ν
615 996 767 1069 Ἰταλίαν
792 1002 999 1074 διοικοῦντες
1015 993 1208 1067 ἐπαύσαντο
1224 995 1303 1084 ύπὲρ

240 1103 281 1174 τοί
316 1113 530 1192 νομισθέντα
563 1103 633 1175 ύπδ
667 1112 728 1177 τού
764 1104 910 1193 Μοίρκου
944 1102 1148 1188 δικοίζσντες.
1206 1108 1305 1172 Prima

240 1219 321 1280 reete
345 1216 507 1280 emendata
528 1215 672 1281 videniur
694 1215 815 1282 sublato
839 1222 927 1301 ἔσχες
951 1215 1027 1298 quid
1048 1215 1183 1281 resideat
1204 1213 1303 1278 mendi

239 1323 271 1387 in
304 1324 359 1389 καί
393 1315 513 1408 αύτην,
547 1321 664 1397 nescim
702 1342 774 1388 nem
807 1324 898 1387 nimis
931 1322 1087 1387 discedere
1119 1321 1242 1387 videtur
1273 1325 1303 1385 ἐκ

239 1429 367 1514 καινῆς,
400 1429 509 1494 denuo.
554 1429 673 1495 Deinde
695 1431 800 1495 autem
822 1429 1019 1495 scribendum
1041 1428 1108 1494 esi:
1143 1430 1198 1494 καλ
1220 1423 1301 1514 μετα

238 1536 341 1601 τούτο
364 1529 455 1600 τότε
473 1531 692 1610 διαδίδοσθαί
706 1562 783 1602 τινα
801 1543 838 1601 ἐν
852 1549 927 1608 ταῖς
941 1536 1009 1601 τῶν
1025 1531 1302 1622 στρατηγούντων

239 1637 416 1727 ἐπαύθη
439 1647 550 1717 θέαις,
573 1638 667 1723 πλην
689 1643 756 1709 τῶν
779 1644 820 1733 τῇ
846 1636 964 1728 Φλοίρα
993 1643 1220 1728 τελουμένων,
1243 1643 1301 1707 καὶ

238 1754 276 1815 οἱ
312 1745 524 1831 δικαιονόμοι
562 1754 594 1814 οἱ
630 1743 695 1832 τη“ν
731 1743 883 1817 Ἰταλίαν
916 1749 1124 1822 διοικοῦντες
1158 1775 1186 1818 κ.
1216 1775 1245 1816 τ.
1276 1751 1301 1812 λ.

238 1856 365 1921 Litterae
388 1881 442 1922 και
465 1882 498 1921 σι
521 1857 700 1922 exciderunt
721 1860 792 1923 anie
815 1849 1059 1941 δικαισνύμοι.

337 2065 510 2132 Herodian·
538 2066 591 2142 VI.
611 2072 643 2130 l:
665 2062 719 2136 ‘H
730 2071 765 2139 δὲ
777 2072 955 2158 Μαμμαία
973 2116 1042 2136 ....
1059 2065 1187 2158 ὁμοίως
1202 2061 1300 2135 αύτού

238 2172 418 2249 (Alexandri
442 2172 546 2238 Severi
568 2175 668 2258 pueri)
691 2174 807 2265 ι’ίρχειν
828 2205 865 2246 τε
889 2181 944 2246 καί
974 2193 1110 2264 κρατεῖν
1138 2176 1300 2262 ε’πειρᾶτο.

237 2275 303 2365 ἥδη
322 2304 360 2345 τε
381 2273 491 2365 ὁρῶσα
515 2287 553 2348 ἐν
575 2275 659 2373 α’ρχῄ
681 2278 744 2350 τδν
774 2286 916 2352 νεανίαν
945 2280 1136 2372 γενόμενον
1166 2286 1222 2352 καί
1252 2282 1302 2347 δε-

238 2387 370 2453 δοικυῖα
399 2384 449 2473 μη“
480 2385 545 2475 ἄρα
568 2384 682 2473 ἡλικία
705 2385 903 2485 α’κμιίζουσα
934 2387 1171 2480 ὑπηρετούσης
1193 2383 1301 2459 α’δείας

151 2559 154 2566 Α
237 2519 274 2559 τε
318 2495 373 2560 καί
418 2496 570 2571 ἐξουσίας
607 2499 656 2572 είς
691 2524 724 2563 τι
760 2501 829 2566 τών
863 2500 1008 2587 γενικῶν
1050 2491 1300 2584 οίμαρτημιίτων

238 2599 398 2685 ἐξοκείλη,
422 2596 646 2690 πανταχόθεν
662 2603 816 2691 ἐφρούρει
833 2602 899 2693 τήν
917 2599 1037 2694 αὐλήν.
1082 2605 1170 2672 Vidit
1190 2589 1300 2687 iliquid

239 2705 404 2768 Mammea
436 2705 467 2770 in
501 2727 605 2790 puero,
638 2711 721 2793 quod
749 2713 895 2779 timorem
916 2716 1015 2780 faeere
1038 2715 1152 2798 posset,
1176 2731 1213 2776 ne
1233 2707 1298 2774 libi·

241 2808 365 2873 dinibus
398 2815 528 2879 veneriis
561 2835 593 2881 se
627 2817 724 2882 deret.
777 2818 814 2884 Id
846 2827 913 2887 erat
945 2839 1003 2886 non
1035 2829 1072 2887 ἐν
1093 2815 1180 2909 α’ρχῇ
1202 2810 1298 2885 αὐτόν

236 2920 398 3001 γενέσθαι
432 2927 485 2990 (-
506 2921 627 3002 pridem
656 2923 737 2988 enim
769 2929 930 3009 Augustus
958 2927 1131 2994 declaratus
1154 2928 1222 2992 eret
1242 2930 1298 2996 -λ

239 3023 294 3088 sed
318 3019 500 3110 ἐνόρχην.
544 3026 631 3093 Vidit
654 3048 724 3094 eum
747 3033 893 3112 puberem
916 3032 1041 3098 factum.
