2728 4582
210 344 212 348 ,
282 274 321 337 16
658 275 718 328 uso.
738 275 759 329 1.
782 243 847 344 oe'p.
867 275 888 329 1.

103 523 104 528 ι
235 477 434 555 propagatur,
457 471 488 536 in
513 490 574 555 quo
589 477 698 554 praeter
714 476 881 537 extremam
896 489 1003 537 rocem
1018 473 1121 537 omnia
1136 468 1295 536 rectissima

120 637 122 646 .
241 579 329 653 suut;
352 597 423 644 nam
447 577 529 661 quod
552 577 678 660 quidam
699 579 826 643 verbum
854 579 1017 663 ἐκτρίβων
1031 574 1210 643 calumniati
1225 573 1294 647 suut

240 684 434 765 aptissimum
450 685 481 749 id
498 687 545 749 eat
560 684 600 749 ad
614 685 720 749 calum
738 682 915 749 durissimis
928 683 1068 750 Atlantia
1083 681 1182 766 tergis
1193 680 1295 745 itaim·

235 789 373 870 positum
397 789 643 872 significandum,
666 790 703 854 ut
724 807 784 854 non
800 791 901 854 minua
916 789 1028 873 globus
1043 788 1177 854 caleatis
1192 786 1297 852 teratur

230 913 333 977 ¹quam
346 896 443 978 terga.
481 897 629 978 Superest
650 895 746 980 igitur
766 913 862 960 unum
883 899 1063 977 certumque
1077 893 1188 960 in‘tine
1204 909 1296 958 versus

240 1000 397 1082 mendum,
414 1003 494 1085 quod
511 1003 668 1068 lenissima
683 1001 897 1066 emendatione
912 999 1043 1077 tollitur,
1057 1019 1111 1082 pro
1126 1001 1223 1066 θεῶν
1236 998 1297 1064 sub-

236 1107 348 1172 stituto
363 1111 408 1174 νὲ
416 1133 477 1174 αν.
511 1108 589 1174 Cum
602 1107 665 1172 sale
678 1106 811 1190 quodam
826 1109 857 1171 et
872 1107 942 1172 lusu
954 1107 1124 1172 Mercurius
1138 1107 1297 1178 Atlantem,

230 1214 294 1296 ·qui
326 1232 417 1279 senex
449 1215 577 1298 fingitur
610 1216 642 1276 et
673 1208 1181 1297 antiquamtrrotnadv)decruu1
1205 1212 1297 1278 sedem

133 1344 135 1349 ·
183 1387 185 1395 s
240 1319 388 1392 sustinet,
421 1339 513 1384 unam
546 1317 584 1384 er'
611 1318 780 1384 iuventutis
814 1322 845 1385 et
878 1320 1004 1386 noviciis
1037 1321 1152 1385 deabus
1185 1333 1297 1384 uxorem

240 1427 360 1492 duxisse
383 1425 469 1491 dicit.
497 1424 614 1504 Quem
636 1411 725 1490 facile
747 1425 847 1507 prima
869 1428 972 1492 littera
988 1429 1071 1493 vocis
1087 1426 1182 1504 νέον,
1198 1423 1294 1489 eadem

240 1531 465 1614 praecedentem
501 1549 607 1596 vocem
640 1531 836 1611 terminante,
870 1532 1009 1598 excidere
1031 1531 1173 1613 potuerit,
1199 1528 1298 1595 deinde

20 1723 21 1730 φ
108 1696 111 1704 s
230 1638 281 1703 ad
313 1637 495 1702 vocabulum
519 1637 645 1719 plenum
668 1636 866 1703 efficiendum
896 1645 924 1704 θ
951 1637 1034 1711 addi,
1064 1637 1142 1702 nihii
1163 1655 1239 1721 opus
1260 1637 1299 1700 est

233 1744 393 1826 persequi.

395 1884 454 1944 174
475 1902 561 1967 sqq.:

301 1977 303 1988 ¹
343 1981 384 2054 ου’
407 1989 516 2056 πείσει
539 1991 656 2077 χωρῶν
677 1994 715 2056 ἐν
737 1991 847 2064 δι’ναις

334 2109 417 2176 ,ταῖς
438 2089 604 2184 Ἀλφειοῦ
626 2087 839 2184 παιδούργει,
916 2163 917 2168 ,

343 2195 366 2284 ἢ
389 2196 500 2277 νάπος
516 2200 706 2290 ’Ἰοδμιονς

233 2333 295 2398 'Sic
316 2333 445 2412 codices,
468 2333 528 2397 nisi
552 2335 634 2416 quod
662 2339 698 2398 ἐν
727 2338 800 2398 ante
824 2333 933 2407 δίναις
962 2331 1080 2397 omittit
1102 2331 1197 2397 codex
1220 2329 1302 2395 Pala·

215 2438 325 2518 tinus
348 2443 379 2504 et
408 2441 537 2506 fortasse
568 2440 800 2505 Laurentianus.
853 2441 949 2506 Recte
982 2438 1101 2521 pridem
1131 2437 1302 2502 restitutum

233 2563 309 2610 esse
332 2545 429 2621 δίνας
451 2541 513 2619 reio
534 2538 700 2628 Ἀλφειοῦ
724 2547 862 2612 ostendit
884 2547 915 2611 et
936 2543 1061 2631 χορῶν,
1093 2543 1174 2626 quod
1196 2542 1302 2624 alioqui

239 2669 366 2733 prorsus
403 2651 552 2730 abundat,
587 2657 618 2714 et
649 2650 783 2716 manime
820 2651 902 2736 quod
944 2650 1105 2717 subiicitur
1141 2643 1163 2735 ἢ
1201 2643 1304 2720 νιίιιος

229 2753 416 2841 Ἴσθμιον.
451 2755 511 2820 Sed
534 2757 565 2820 iu
588 2757 717 2839 utroque
739 2775 830 2822 versu
851 2758 969 2842 syllaba
989 2757 1082 2842 longa
1098 2756 1194 2835 deest,
1214 2771 1303 2839 neque

243 2859 442 2950 interrogatio
463 2857 585 2929 illene}
605 2865 715 2929 πείσει
737 2864 822 2929 recte
844 2866 987 2930 absoluta
1008 2864 1140 2947 ponitur,
1164 2863 1304 2947 vquoniam

232 2964 328 3030 nulla
357 2971 516 3049 praecessit
545 2969 727 3037 adhortatio.
775 2971 906 3055 Utrique
927 2971 1121 3036 incommodo
1151 2967 1304 3036 subveniet

237 3069 310 3136 draeo
330 3073 500 3158 scriptura:

343 3173 385 3244 ον’
407 3181 517 3248 πείσει
541 3182 610 3248 καὶ
633 3182 749 3267 χωρῶν
771 3183 867 3256 δίνας

343 3279 404 3360 τοὶς
426 3281 591 3374 Ἀλφειοῦ
613 3282 928 3378 παιδοορφὴοει

343 3386 365 3476 ἢ
388 3385 499 3468 νάπος
516 3391 704 3481 Ἴοδμιονς

235 3515 340 3581 Recte
363 3519 527 3584 ctoritate
557 3519 792 3604 interrogationi
819 3519 969 3604 negativae
994 3519 1174 3601 imperantis
1198 3519 1229 3582 et
1251 3512 1304 3579 mi·

243 3622 344 3688 nantis
378 3623 553 3710 adiungitur
586 3647 640 3711 per
673 3628 729 3693 καί
751 3626 938 3692 affirmativa
964 3627 1066 3710 ipsum
1087 3625 1120 3691 id
1142 3623 1304 3692 continens,

234 3727 324 3811 ·quod
346 3730 413 3795 fieri
435 3731 568 3800 iubetur.

343 3869 413 3937 331.
442 3871 611 3956 Postquam
626 3893 645 3938 a
660 3873 774 3939 Creusa
788 3865 993 3957 interrogatus
1011 3874 1076 3952 lon,
1092 3891 1166 3937 num
1180 3871 1303 3937 matrem

245 3996 332 4042 suem
355 3977 493 4043 invenire
516 3980 644 4044 conatus
667 3979 717 4056 sit,
738 3977 898 4064 respondit
919 3998 952 4045 se
971 3979 1090 4044 nullum
1105 3979 1226 4053 habere,
1249 3991 1304 4060 quo

236 4085 358 4163 utatur,
387 4083 536 4149 iudicium
567 4085 726 4168 signumve
759 4078 980 4172 (τεκμήριον),
1010 4085 1125 4152 Creusa
1151 4079 1305 4165 subiungit
