2740 4572
280 217 342 280 204
472 218 533 274 Lib.
551 219 588 274 II.
607 218 672 288 Cap.
691 219 739 273 111.
777 218 916 275 Ciceronis
934 219 1068 289 epistolae.

238 434 313 480 uon
348 415 446 494 erit,
484 417 525 481 at
556 417 593 482 in
626 415 761 482 Asiam
800 434 941 483 censeo
976 415 1326 500 persequendum.
1358 433 1359 510 q

239 519 356 586 Nihil
378 521 479 586 mibi
500 523 655 589 videris
677 521 750 588 boc
770 523 950 604 tempore
971 524 1116 588 melius
1134 522 1329 588 acturus.
1358 517 1359 550 r

1358 723 1359 804 l

687 855 775 937 Gap.
797 855 859 922 IV.

242 1021 383 1080 Cornelius
401 1023 503 1093 Nepos.
532 1023 637 1079 Seneca
655 1022 846 1094 Philosophus,
873 1022 978 1078 Plinius
996 1024 1091 1080 maior.
1120 1022 1326 1092 Quintilianus

665 1115 772 1170 Plinius
790 1115 885 1171 minor.

1358 1281 1359 1320 l

626 1288 792 1356 Cornelius
814 1270 926 1375 Nepo's.

346 1457 464 1522 Cimon.
482 1459 519 1520 4:
538 1456 630 1521 Fuit
652 1456 753 1521 enim
776 1458 892 1522 111111
912 1456 1175 1524 liberalitate
1198 1503 1205 1519 .
1230 1503 1239 1520 .
1262 1504 1271 1520 .
1298 1505 1322 1536 .‚

242 1567 285 1630 111
306 1582 519 1648 numquam
542 1562 581 1626 in
609 1561 1323 1652 iisfpraediis)custodemimposuerit
1358 1563 1359 1642 1

243 1671 402 1734 fructus
435 1668 626 1734 servandi
657 1669 808 1752 gratia,
839 1687 884 1732 ne
913 1669 1002 1750 quis
1024 1669 1318 1751 impediretur,
1358 1647 1359 1728 1

244 1792 318 1859 quo
352 1776 480 1840 miuus
515 1773 601 1839 eius
633 1775 770 1850 rebus,
803 1773 1321 1866 quibus-quisqnevelleb

244 1882 460 1946 frueretur.
510 1879 711 1946 scribendum
733 1880 801 1946 siue
823 1879 888 1945 ulla
912 1879 1122 1947 dubitatione=
1146 1901 1221 1965 quo
1245 1883 1324 1946 mi·

246 2005 317 2051 nus
340 1986 541 2062 1111111111,
571 1986 910 2070 quibus·quisque
933 1986 1078 2066 vellet,
1107 1987 1321 2053 frueretur.

345 2127 436 2194 Dion.
460 2129 478 2190 9
501 2129 553 2204 (de
583 2127 682 2191 Dione
712 2129 744 2190 iu
774 2127 912 2192 eubiculo
942 2146 961 2192 a
989 2127 1157 2193 coniuratis
1179 2128 1321 2206 occiso):
1358 2099 1359 2190 i

246 2234 420 2318 Namque
443 2234 510 2298 illi
534 2233 615 2315 ipsi
637 2233 848 2310 custodes,
871 2233 905 2297 si
925 2235 1111 2315 prompta
1132 2233 1321 2299 fuissent

245 2341 477 2418 voluntate,
505 2339 664 2404 foribus
692 2339 882 2404 effractis
904 2358 1067 2404 servare
1088 2359 1171 2405 eum
1193 2341 1319 2421 potu·

245 2446 450 2512 isseutcet.
473 2445 582 2510 Mendi
603 2445 717 2528 aliquid
740 2463 807 2510 esse
829 2443 861 2508 iu
884 2445 1118 2526 pronominibus
1137 2445 1208 2510 illi
1229 2446 1320 2529 ipsi

246 2553 335 2618 facile
368 2555 505 2636 apparet,
534 2551 676 2636 quoniam
706 2551 791 2616 nulla
820 2551 942 2616 omnino
972 2551 1128 2634 precessit
1149 2551 1318 2618 custodum
1358 2589 1359 2646 q

247 2659 378 2734 mentio,
414 2676 514 2741 neque
549 2657 685 2738 pravitas
721 2656 842 2722 tollitur
878 2658 979 2722 deleto
1012 2676 1073 2724 uuo
1106 2657 1192 2736 illi,
1229 2658 1317 2741 quod

248 2764 390 2829 Halmius
413 2763 583 2828 tollendum
606 2763 779 2845 suspicatus
803 2767 859 2840 111,
883 2763 976 2828 simul
1006 2763 1137 2847 ipsius
1167 2765 1317 2830 scribens.
1358 2799 1359 2850 2

246 2870 376 2934 Videtur
391 2869 487 2933 latere
509 2867 697 2933 adiectivum
718 2869 834 2952 gentile
856 2866 999 2935 barbaros
1018 2870 1148 2953 corporis
1171 2871 1319 2937 custodes
1358 2851 1359 2928 1

247 2976 478 3049 demonstraus3
501 2993 519 3038 a
542 2974 656 3039 litteris
678 2995 736 3039 nou
751 2976 883 3041 multum
901 2975 1031 3041 discedit
1044 2975 1178 3059 Illyrici.
1213 2975 1316 3042 Paulo

246 3084 318 3146 ante
341 3079 422 3166 quod
445 3079 606 3146 scribitur:
639 3081 728 3156 Hic,
763 3084 870 3146 sicut
902 3086 994 3146 ante
1026 3101 1128 3165 sae-pe
1162 3081 1317 3148 dictum
1358 3119 1359 3128 =

247 3191 324 3266 est,
350 3208 463 3273 quam
485 3187 620 3253 invisa
646 3188 702 3253 sit
722 3187 951 3271 singularis
973 3189 1159 3269 potentia
1183 3189 1223 3252 11
1243 3189 1315 3252 mi·

246 3295 415 3362 seranda
437 3294 539 3374 vita,
562 3293 628 3378 qui
650 3313 690 3359 se
711 3294 838 3358 metui
860 3311 971 3377 quam
995 3293 1120 3360 amari
1143 3293 1314 3373 malunt,
1358 3303 1359 3318 1

247 3401 377 3468 cuivis
409 3401 533 3466 facile
565 3399 790 3465 intellectu
823 3400 919 3478 fuit,
942 3419 1000 3465 non
1023 3400 1112 3466 credo
1134 3399 1312 3465 Cornelium

143 3495 146 3500 ⁴
247 3506 447 3590 significasse,
470 3525 563 3589 quam
595 3524 675 3588 saepe
703 3505 761 3571 hoc
780 3504 847 3589 ipse
869 3508 961 3571 autea
983 3505 1118 3584 dixisset¹
1142 3504 1197 3570 sed
1219 3524 1312 3589 quam

246 3613 389 3695 frequens
411 3611 502 3676 huius
523 3613 567 3676 rei
590 3612 868 3677 animadvertenda
890 3612 922 3676 iu
942 3610 1069 3691 historia
1084 3611 1202 3677 occasio
1219 3615 1311 3677 11111.
1358 3625 1359 3682 3

150 3739 153 3744 ·
247 3719 355 3802 ltaque
391 3736 513 3799 prorsus
549 3717 742 3783 scribendum
780 3718 928 3783 arbitror:
960 3717 1049 3796 Hic,
1083 3716 1192 3785 sicut
1220 3719 1312 3782 ante

246 3843 363 3907 saepe,
387 3842 499 3906 quam
522 3824 658 3889 invisa
679 3825 734 3889 sit
762 3824 990 3907 singularis
1013 3825 1199 3907 potentia
1221 3868 1310 3900 ....,

246 3930 379 3996 cuivis
401 3929 526 3995 facile
548 3929 770 3995 intellectu
792 3930 891 4006 luit,
914 3929 1036 3995 sublato
1058 3931 1212 3995 dictum
1234 3930 1310 4005 est,

247 4037 327 4119 quod
349 4035 479 4111 eddidit,
501 4035 556 4117 qui
571 4054 629 4100 non
643 4035 838 4100 intellexerat
853 4036 944 4100 verba
966 4037 1073 4101 sicut
1094 4040 1188 4101 ante
1209 4053 1308 4117 saepe
1334 4035 1339 4047 '
