2712 4576
269 239 330 303 m
409 231 410 234 ‘
627 233 893 303 mmmm

222 436 293 502 fieri
314 452 404 518 posse
428 433 513 513 dicit,
534 434 570 522 ut
591 431 698 498 eodem
726 431 863 514 exemplo
884 430 987 513 plures
1003 429 1149 512 epistolas
1164 426 1313 504 mittat).

227 541 366 626 Apparet
387 539 563 606 Ciceronem
593 539 683 604 antea
714 537 860 614 voluisse,
889 538 1029 604 Atticum
1059 535 1098 602 cd
1127 553 1160 600 se
1184 533 1312 610 venire,

227 647 360 716 nuncid
382 645 545 714 consilium
567 644 740 727 improbare
762 645 794 709 et
815 643 954 710 abiicere.
998 644 1043 708 Ea
1069 641 1228 708 sententia
1255 641 1314 705 his

223 757 327 823 verbis
350 753 496 836 concepta
518 752 600 818 erato
630 749 760 818 Scilicet
791 751 888 828 tibi,
919 750 964 814 ut
994 748 1162 826 scribis,
1196 746 1312 832 signi·

222 864 369 941 ‘douram
392 856 1066 936 utadmevcni1·es;idomittamus;
1097 854 1312 937 intelligo

226 970 347 1036 tecet.
390 965 548 1032 Particula
581 965 755 1034 scilicet¹
780 963 970 1030 concedendi
1002 962 1097 1028 habet
1124 961 1202 1040 vim,
1237 979 1311 1024 non

221 1075 336 1141 iniuria
367 1071 506 1138 Atticum
528 1070 672 1150 scribere,
706 1071 797 1136 antea
825 1070 857 1134 id
879 1067 1064 1136 allicerene
1086 1067 1312 1151 significatum

221 1201 307 1259 esse;
345 1179 471 1246 alterius
505 1174 615 1243 erroris
649 1176 733 1261 origo
765 1177 839 1242 nata
872 1177 921 1241 cst
953 1194 988 1240 cx
1021 1174 1126 1240 littera
1159 1173 1311 1239 extrema

225 1286 365 1354 vocabuli
396 1285 560 1350 venires
592 1282 749 1366 geminata
781 1284 813 1348 et
845 1281 991 1365 proximis
1026 1280 1106 1346 male
1140 1279 1310 1344 distractis

221 1395 273 1472 <si
295 1394 356 1458 dc·
377 1410 430 1475 pro
452 1389 492 1455 id
514 1397 571 1468 o·).

327 1557 405 1622 lbid.
430 1555 479 1632 15,
503 1557 538 1616 4:
560 1551 696 1637 Neque
718 1553 798 1618 haec
822 1570 864 1618 eo
887 1551 1039 1630 scribo,
1070 1568 1141 1634 quo
1163 1550 1202 1613 te
1225 1567 1308 1613 non
1352 1561 1353 1632 l

226 1683 307 1730 meo
331 1681 424 1729 casu
451 1658 617 1724 maximo
645 1658 783 1724 doloro
812 1677 898 1724 esse
932 1658 1126 1724 affectum
1155 1655 1307 1733 sciam,

221 1771 294 1836 sed
323 1768 524 1851 profecto,
554 1765 606 1844 si,
637 1765 827 1848 quantum
856 1785 912 1829 me
944 1781 1050 1828 amas
1072 1763 1306 1840 adamasti,
1352 1787 1353 1794 ¹

226 1876 382 1939 tantum
404 1890 535 1936 amare
559 1871 729 1937 deberes
758 1891 801 1937 ac
831 1871 1060 1950 debuisses,
1084 1887 1307 1951 numquam

220 1998 337 2045 esses
359 1995 502 2061 passus
525 1995 598 2056 me,
621 1997 695 2061 quo
718 1979 762 2042 tu
783 1978 1033 2055 abundabas,
1063 1994 1181 2060 egere
1204 1993 1306 2041 con·

226 2082 323 2153 silio
347 2088 403 2151 cet.
447 2083 589 2149 Ridicule
617 2085 811 2167 comparatur
831 2083 930 2149 Attici
952 2100 1037 2147 amor
1060 2085 1091 2148 et
1114 2081 1240 2159 amoris,
1267 2084 1307 2146 ut
1352 2083 1353 2124 ³

226 2193 272 2258 its
293 2193 403 2268 dicam,
426 2189 542 2256 debitio
565 2191 611 2268 (si
638 2191 798 2256 tantum
826 2208 884 2254 mc
911 2207 1041 2254 amare
1064 2189 1303 2265 debuisses,
1352 2169 1353 2252 l

219 2299 417 2382 -qusntum
439 2297 608 2376 amasti),
629 2298 820 2381 ridiculeque
843 2295 1044 2374 concluditur,
1068 2294 1220 2373 Atticum,
1241 2314 1304 2360 non

225 2406 252 2470 si
284 2406 431 2482 amasset,
463 2403 517 2469 sed
549 2404 576 2469 si
609 2422 713 2470 amare
743 2393 911 2482 debuisset,
933 2401 1045 2466 melius
1067 2401 1206 2467 Ciceroni
1226 2420 1304 2483 pro·
1352 2401 1353 2450 ἶ

219 2512 402 2593 specturum
431 2509 535 2576 fuisse.
579 2509 757 2593 Comparari
787 2510 850 2588 (rel
882 2509 928 2574 sic
960 2507 1036 2574 satis
1070 2507 1237 2572 artificiose
1272 2515 1305 2573 et
1352 2547 1353 2596 ,

219 2619 374 2695 contorte)
397 2616 494 2682 Attici
516 2635 652 2682 amorem
668 2618 701 2682 et
717 2617 781 2681 eius
795 2635 849 2698 pro
865 2614 985 2680 meritis
999 2613 1157 2680 Ciceronis
1171 2614 1303 2680 amandi
1352 2631 1353 2698 r

226 2725 291 2790 eius
314 2724 449 2788 officium
473 2724 513 2801 et,
536 2723 572 2787 ut
593 2722 639 2788 ita
661 2722 771 2801 dicam,
796 2722 1023 2807 obligationem,
1040 2722 1168 2804 apparet
1189 2739 1228 2785 ex
1250 2719 1301 2800 iis,
1352 2723 1353 2796 l

220 2848 294 2913 »quae
317 2827 535 2894 subiiciuntur:
561 2828 664 2910 quod
686 2834 773 2894 crat
795 2829 999 2895 amoris-
1015 2828 1116 2910 quod
1133 2827 1301 2893 meritis
1352 2835 1353 2922 l

223 2935 326 3000 meis
354 2932 578 3017 perfectum
607 2935 798 3018 oportuit.
849 2933 961 3000 Omnia
982 2934 1081 3018 igitur
1101 2937 1184 3000 recta
1207 2935 1300 2998 erunt
1352 2935 1353 3012 l

220 3041 340 3108 omisso
363 3056 509 3119 amare,
541 3041 623 3123 quod
652 3040 791 3107 additum
816 3043 963 3119 osteum
987 3059 1047 3105 non
1069 3039 1300 3105 animadverte·
1352 3061 1353 3104 r

227 3152 319 3227 retur,
344 3147 738 3213 debereabsolutedici:
762 3148 812 3225 si,
836 3149 1027 3230 quantum
1049 3164 1106 3211 me
1129 3164 1236 3210 amas
1260 3147 1302 3210 et

221 3257 389 3333 amasti,
424 3256 579 3319 tanturn
613 3253 780 3319 deberes
815 3272 857 3319 ac
890 3251 1104 3319 debuisses
1129 3251 1299 3335 (weoadn

222 3363 289 3428 mir
309 3361 404 3428 societ
422 3359 572 3444 roboldo,
594 3380 629 3425 so
650 3359 838 3462 oerpfliebtct
856 3379 993 3444 peremere
1014 3359 1153 3443 wrirest).

328 3528 405 3593 lbid.
428 3527 447 3612 ξ
471 3529 504 3592 5:
539 3527 644 3602 Quod
666 3528 704 3592 te
735 3546 821 3592 cum
849 3527 1046 3592 Culleone.
1071 3523 1224 3591 scribis
1254 3525 1298 3590 de

225 3632 448 3718 privilegio
471 3634 667 3714 locutum,
690 3633 752 3698 est
774 3632 948 3718 aliquid,
979 3630 1047 3698 sed
1077 3632 1205 3697 multo
1235 3633 1299 3698 est
1352 3659 1353 3684 r

226 3739 375 3805 melius
407 3740 613 3822 obrogari3
646 3739 680 3805 si
708 3740 812 3805 enim
834 3758 944 3805 nemo
965 3737 1178 3820 impediet,
1202 3740 1297 3822 quid

228 3847 290 3911 cst
310 3844 497 3910 firmius?
521 3844 589 3910 Sin
614 3846 711 3923 erit,
733 3847 801 3930 qui
822 3846 923 3911 ferri
945 3864 1020 3911 non
1042 3845 1168 3922 sinat,
1192 3844 1298 3910 idem

226 3953 393 4018 senatus
416 3951 600 4016 consulto
623 3951 863 4018 intercedet.
898 3951 961 4018 Ubi
983 3952 1084 4018 editur
1100 3970 1208 4034 parum
1225 3955 1298 4034 apta

224 4057 484 4143 interrogatione:
514 4057 608 4140 quid
638 4061 698 4124 est
726 4058 905 4138 firmius,
936 4060 968 4123 in
990 4057 1024 4123 M
1052 4058 1216 4124 scribitur:
1239 4057 1298 4123 sic
