2712 4576
265 306 326 368 m
631 303 887 375 mmmm

223 505 324 574 turae
359 521 464 576 meae,
507 522 693 587 quamquam
725 501 831 568 Cicero
868 499 1026 586 ingenium
1062 517 1152 565 suum
1190 499 1300 582 potins

224 607 414 675 nominasset
445 614 500 676 aut
531 629 631 676 mores
662 611 694 674 in
727 609 785 674 tali
817 628 850 674 ro
883 625 974 692 quam
1011 608 1162 672 naturam.
1223 605 1301 670 Est

225 714 381 780 omittitur
402 715 433 780 in
456 716 576 782 duobus
599 716 725 799 optimis
754 714 919 781 codicibus.
973 712 1175 779 scribendum
1197 711 1303 796 igitur

225 821 361 888 videtur:
403 841 530 908 neque
565 826 669 889 enim
706 838 812 889 causac
845 823 1067 888 adversata
1098 821 1219 885 natura
1256 821 1300 894 st,

225 947 295 994 nec
317 932 375 994 cet.
419 929 526 996 Gausae
548 931 658 996 natura
679 949 751 996 cum
771 928 896 1002 humine
918 930 950 992 et
972 945 1004 992 rc
1025 925 1240 1008 copulatur.*)

326 1069 405 1137 Ibid.
439 1070 495 1133 50:
526 1071 577 1134 Te
608 1072 712 1136 eninr
745 1069 932 1137 existimo
965 1068 1043 1133 tibi
1075 1065 1299 1140 statuisse,

227 1174 321 1258 quid
349 1175 581 1242 faciendum
605 1181 789 1261 putares,
819 1179 857 1242 et
885 1174 990 1241 satis
1017 1173 1205 1240 idoneum
1236 1171 1300 1236 of·

226 1279 317 1346 ficii
347 1281 405 1346 tui
434 1281 606 1348 iudicem
635 1283 827 1366 posuisse.
871 1282 922 1348 Sic
944 1280 1064 1348 codices
1085 1297 1148 1344 uno
1172 1284 1299 1360 excepto

226 1387 457 1472 Tegcrnscensi,
480 1389 512 1452 in
535 1407 594 1472 quo
617 1391 665 1454 est
693 1386 1004 1474 potuisse„unde
1028 1384 1171 1466 Halmius
1194 1383 1301 1449 effecit

227 1511 313 1558 esse
336 1494 531 1577 potuisse.
583 1495 697 1561 Verum
719 1496 883 1578 potestatis
905 1495 990 1561 notio
1012 1510 1136 1575 prorsus
1159 1489 1299 1556 abrandat

227 1601 298 1682 post
324 1599 518 1665 idoneum.
581 1601 736 1668 Vitiosum
768 1604 817 1668 est
848 1603 1018 1685 perlectum
1049 1601 1191 1680 tempus3
1226 1616 1300 1661 nam

228 1705 351 1771 omnino
374 1706 531 1790 Torquato
553 1707 601 1774 sui
622 1708 714 1775 officii
736 1707 881 1774 iudicium
897 1707 1001 1773 Cicero
1017 1704 1168 1773 concedit.
1202 1703 1298 1769 Vide-

228 1815 278 1874 tur
300 1811 445 1878 subesse:
476 1817 514 1878 et
536 1815 640 1880 satis
662 1814 849 1880 idoneum
872 1814 1008 1880 oflicii
1039 1811 1101 1878 tui
1123 1810 1300 1876 indicem

227 1916 332 2000 ipsum
354 1934 433 1984 osse.
483 1919 527 1984 Ex
558 1920 648 2004 ipsu
681 1940 785 2000 esse,
819 1921 930 1986 hausta
951 1919 1051 1986 vocali
1072 1919 1097 1996 i,
1120 1918 1225 1984 ortum
1252 1919 1300 1982 est

229 2041 421 2106 posuisse.

329 2176 408 2242 Ibid.
432 2177 488 2240 66:
522 2178 617 2244 llius
639 2179 809 2269 (Autronii)
831 2198 965 2258 voces,
991 2181 1076 2245 eius
1098 2177 1214 2243 minae
1237 2177 1298 2240 le·

230 2281 440 2360 rebantur;
474 2283 560 2351 eius
582 2288 788 2368 aspectus,
818 2286 1093 2363 concursatio,
1120 2282 1298 2366 stipatio,

229 2405 374 2472 greges
406 2391 604 2458 hominum
634 2390 884 2474 perditorum
915 2393 1061 2458 metum
1091 2389 1209 2455 nobis
1232 2406 1298 2454 se-

231 2493 493 2580 ditionesque
526 2499 769 2564 afferebant.
824 2498 926 2565 Multa
954 2498 1004 2563 hic
1031 2495 1180 2562 mendum
1211 2513 1298 2561 coar·

229 2603 339 2682 gaunt,
360 2602 497 2683 primum
519 2607 619 2668 motus
640 2624 750 2672 nomon
773 2623 843 2671 cum
865 2603 1025 2682 seditione,
1048 2621 1116 2688 quae
1137 2602 1299 2669 metuitur.

231 2708 389 2789 mmquam
429 2708 567 2774 ciusdem
602 2712 724 2793 generis
760 2713 965 2790 coniunctum,
1003 2709 1115 2775 deinde
1152 2706 1299 2774 afferendi

231 2811 367 2890 uerbum,
389 2814 470 2894 quod
492 2815 727 2882 rectissimede
755 2819 841 2884 metu
865 2816 987 2896 dicitur,
1010 2815 1049 2881 de
1070 2813 1224 2881 seditione
1246 2833 1298 2898 po·

231 2914 335 2993 situm,
365 2936 433 3002 quoe
455 2922 632 3000 concitatur,
664 2941 723 2989 uon
756 2923 884 2990 affertur
911 2923 1014 3000 alicui,
1041 2924 1108 2987 tum
1133 2919 1299 2986 seditiones

230 3022 342 3104 plurali
375 3043 502 3092 numero
537 3027 707 3111 appellatae,
742 3049 811 3096 curn
841 3030 880 3096 de
908 3048 970 3096 una
992 3031 1113 3112 agatur,
1142 3029 1298 3108 postremo

231 3131 298 3210 ipsa
330 3149 379 3196 res
412 3134 444 3198 et
476 3134 647 3214 sententia;
680 3155 779 3220 neque
811 3135 893 3202 enim
926 3135 993 3200 ulla
1025 3127 1144 3200 exstitit
1174 3135 1299 3215 propter

230 3235 419 3318 reguliacam
450 3240 488 3306 de
515 3259 604 3323 poena
631 3243 847 3308 damnatorum
879 3239 1011 3308 leuando
1032 3238 1155 3317 seditio,
1177 3237 1243 3317 sed,
1264 3239 1298 3300 ut

230 3339 296 3422 ipse
318 3341 424 3411 Cicero
446 3349 604 3431 perspicue
627 3348 712 3432 dicit,
743 3349 907 3432 paulisper,
938 3367 976 3413 ne
1004 3345 1175 3420 exsisteret
1207 3344 1297 3408 timor

231 3449 453 3527 suit(omnis
480 3451 553 3518 ille
582 3455 732 3532 terror,
767 3454 894 3521 omnir
923 3451 1148 3520 seditionis
1180 3451 1297 3515 timor

232 3556 353 3637 utque
396 3557 558 3639 opinio).
624 3561 912 3627 Manifestissimum
949 3564 997 3626 est
1033 3559 1212 3625 Ciceronem
1249 3554 1295 3620 hic

229 3679 352 3744 quoque
373 3668 518 3732 metum
540 3667 761 3732 seditionis
784 3667 910 3741 dinisam
924 3685 1046 3749 prorsus
1062 3666 1168 3730 tamon
1184 3668 1295 3728 temore

231 3766 355 3841 laceret,
377 3771 429 3853 qui
451 3770 636 3867 simpliciter
662 3793 736 3857 que
763 3773 945 3855 particulam
974 3771 1107 3849 tolleret,
1130 3789 1200 3855 quae
1222 3787 1294 3852 quo·

232 3923 465 3935 -.—.—.—

285 4040 312 4106 *)
332 4044 347 4104 5
366 4041 400 4095 39
418 4041 558 4097 Ciceronis
577 4055 644 4098 usus¹
665 4017 788 4112 postulat
811 4040 877 4112 quia
902 4043 1025 4110 negare'
1046 4041 1157 4096 noluit
1175 4057 1224 4111 pro
1244 4037 1293 4110 qni

333 4149 359 4186 n.
378 4147 404 4188 n.
423 4133 557 4202 (alioquin
576 4135 646 4189 enim
665 4135 885 4203 scriptum-esset
903 4133 957 4202 qui
977 4151 1003 4188 n.
1022 4134 1150 4199 nollet).
1190 4177 1192 4182 .
