2712 4576
451 234 591 291 Ciceronis
611 235 742 306 epistolae.
1029 236 1089 300 169

158 429 242 496 ibid.
264 431 316 512 24,
337 432 376 494 42
406 432 521 521 Modo
545 432 688 498 caedem
709 433 994 513 timueramus,
1016 453 1131 517 quum

51 537 195 603 oratio
217 537 442 604 fortissimi
470 539 577 604 senis
599 538 635 619 C.
653 538 1130 620 Considiidiscussoret;

49 663 114 724 ea,
150 663 270 728 quam
305 644 492 728 quotidie
518 645 664 711 timere
691 647 970 730 potueramus,
993 648 1131 714 subito

49 753 199 816 exorta
221 753 292 816 est
330 750 462 817 Etiamsi
483 751 629 818 Latinum
653 754 736 820 esset
756 753 901 820 eadem
923 753 1130 834 discutere,
1163 802 1167 810 .

49 857 138 940 quod
172 875 235 922 non
267 859 325 936 est,
357 861 462 924 tamen
496 858 634 924 Considii
666 861 749 926 senis
781 861 877 927 oratio
914 877 975 925 non
1010 862 1134 942 poterat

49 961 177 1028 caedem
199 983 218 1028 a
241 963 369 1042 Caesane,
391 963 548 1046 Pompeio,
572 965 680 1033 Crasso
703 965 874 1051 cogitatam
894 963 1055 1048 impedire.
1093 967 1130 1031 In

50 1070 86 1133 M
112 1069 267 1152 seriptum
299 1071 367 1135 est:
395 1089 468 1154 que
501 1072 650 1152 oratio,
685 1091 721 1138 ex
753 1090 813 1155 quo
845 1072 982 1137 nuscitur
1002 1090 1128 1137 uerum:

50 1194 152 1262 quem
169 1178 371 1259 <metum>
390 1177 521 1242 oratio
544 1222 575 1241 ..
599 1178 635 1258 Q.
658 1176 842 1244 Considii
864 1176 1130 1244 discusserat.

50 1283 274 1350 Usitetissime
292 1282 408 1348 dicitur
429 1284 558 1362 metum,
580 1283 732 1363 timorem,
756 1284 872 1350 similia
894 1283 1056 1350 discutere.
1092 1285 1129 1349 ln

49 1389 104 1469 iis,
124 1409 195 1474 quae
212 1392 391 1475 sequuntur,
407 1392 488 1456 recte
505 1389 746 1476 Wesenbergius
762 1391 832 1454 ante
847 1408 959 1474 qnam
983 1389 1132 1456 excidisse

3 1557 4 1564 ,
51 1496 288 1563 substantivum
311 1495 407 1574 vidit3
441 1497 496 1562 sed
526 1495 588 1562 vis
617 1516 726 1580 parum
757 1498 864 1581 aptum
892 1496 1028 1574 videtur3
1051 1495 1130 1562 nihil

50 1607 163 1670 tamen
187 1601 298 1668 melius
318 1602 446 1686 reperio.

2 1785 3 1862 }
46 1798 49 1803 ·
161 1766 244 1833 Ibid.
262 1765 319 1842 ΙΙΙ,
342 1766 372 1845 8,
394 1765 431 1830 4:
455 1766 570 1832 cuius
594 1767 696 1831 euim
718 1766 875 1832 scelere
897 1768 1065 1850 impulsi
1087 1787 1131 1835 ac

2 1881 3 1894 ¹
50 1873 216 1956 proditi
249 1872 392 1950 simus,
427 1871 504 1937 iam
538 1871 722 1955 profecto
750 1871 1131 1958 uides,atqnenti-

1 2035 2 2038 ,
52 1999 142 2044 narn
178 1980 253 2044 iam
289 1981 380 2044 ante
412 1975 593 2044 vidisses
629 1997 755 2062 neque
793 1980 923 2044 totum
956 1979 1129 2045 animum

50 2089 169 2152 tuum
191 2085 348 2150 maerori
372 2103 519 2150 mecum
540 2084 663 2150 simul
684 2085 886 2150 dedisses!
920 2084 1025 2151 Cicero
1043 2081 1132 2150 Arri:

55 2211 130 2258 cmn
154 2192 263 2256 mallet
284 2195 356 2258 ante
377 2210 483 2258 casnm
514 2191 545 2257 et
572 2190 714 2257 exsilium
741 2210 831 2257 suum
853 2190 1034 2275 providisse,
1056 2192 1129 2274 quid

55 2298 119 2364 sibi
156 2299 331 2364 immineret
362 2297 492 2380 periculi
525 2297 632 2363 fraude
663 2297 697 2362 et
724 2297 838 2364 scelere
860 2297 988 2362 inimici.
1033 2296 1131 2380 Atqui

54 2406 111 2470 illo
133 2406 273 2487 tempore
296 2404 384 2470 nulla
405 2403 472 2469 erat
493 2403 639 2469 merendi
661 2423 762 2482 causa,
784 2401 839 2468 sed
855 2401 996 2481 cauendi3
1019 2421 1129 2468 maeror

56 2509 271 2576 calamitatem
294 2514 418 2576 secutus
434 2512 491 2576 est
527 2511 638 2594 Itaque
653 2509 831 2576 Ciceronem
847 2508 1005 2590 scripsisse
1021 2508 1131 2575 credet

55 2634 186 2701 neque
218 2618 348 2684 totum
376 2619 548 2682 animum
576 2619 687 2682 tuum
708 2615 817 2683 errori
836 2633 986 2680 mecum
1008 2615 1128 2679 simul

56 2723 256 2788 dedisses.
312 2722 408 2789 Suum
442 2741 574 2789 errorem
601 2721 706 2788 Cicero
735 2723 881 2806 proximis
901 2722 1004 2788 verbis
1026 2720 1126 2805 signi·

56 2828 150 2894 licat:
183 2829 286 2912 quod
318 2830 354 2894 ei
386 2828 646 2907 crediderim,
675 2847 789 2913 quem
821 2847 908 2894 esse
929 2827 1131 2893 nefarium

1 2939 2 2978 ³
57 2955 136 3002 non
159 2935 353 3016 putarim
376 2953 447 3000 eum
470 2953 603 3002 errorem
626 2954 705 3001 nuno
728 2935 852 3001 demum
873 2935 969 3018 luget.
1089 2959 1092 2966 ·

161 3101 241 3167 ibid.
267 3103 315 3182 12,
344 3103 379 3168 3:
401 3102 480 3188 Ego
513 3102 634 3168 etiem
668 3122 771 3167 nuno
803 3100 938 3166 eodem
970 3101 1009 3164 in
1044 3101 1131 3165 loco

57 3211 174 3275 iaceo
204 3209 290 3275 sine
322 3227 503 3275 sermone
525 3209 629 3290 ullo,
655 3209 742 3275 sine
765 3206 1019 3291 cogitatione
1040 3204 1130 3269 ulla.

58 3314 297 3395 Licettibi,
327 3319 369 3381 ut
400 3315 567 3394 scribis,
601 3315 900 3408 significarem,
936 3313 977 3376 ut
1006 3310 1051 3374 ad
1073 3329 1133 3374 me

58 3422 222 3488 venires
245 3423 278 3487 si
306 3422 493 3488 donatam
521 3422 565 3486 ut
591 3421 787 3505 intelligo
817 3423 855 3485 te
883 3418 982 3492 istie
1010 3415 1131 3500 prod-

59 3547 167 3608 esse,
189 3529 253 3594 hic
274 3547 319 3593 ne
341 3528 460 3594 verbo
483 3526 643 3612 quidem
665 3529 801 3594 leuare
822 3546 880 3591 me
905 3544 1033 3608 posse.
1077 3523 1130 3589 In-

59 3634 193 3700 feliciter
212 3635 349 3700 tentatas
378 3633 439 3701 loci
466 3635 630 3700 manifesto
661 3624 795 3716 corrupti
824 3633 1060 3698 emendationes
1081 3633 1130 3696 uel

60 3759 157 3807 unum
190 3741 475 3825 significarem
503 3742 535 3805 iu
566 3741 845 3826 significarim
865 3741 1021 3805 mutatum
1044 3756 1133 3805 coar·
1161 3788 1163 3792 .

61 3847 139 3931 guil.
195 3846 311 3913 Licet
345 3848 399 3927 sie,
432 3848 467 3912 ut
495 3847 646 3914 hocloco
676 3848 796 3931 putant,
819 3867 873 3930 pro
895 3862 1129 3929 quamquam

61 3952 198 4035 positum
227 3973 245 4018 a
274 3953 430 4020 Ciceronis
463 3973 520 4019 usu
549 3973 673 4038 prorsus
693 3953 837 4020 abhorret
859 3955 909 4029 (ed
932 3954 1017 4018 Fam.
1040 3950 1128 4026 Xlll,

62 4062 151 4140 27,1
186 4058 410 4126 incredibiliter
442 4065 574 4138 erratur;
606 4062 672 4126 sine
703 4061 768 4126 ulla
801 4059 997 4126 anacoluthia
1023 4056 1132 4121 Cicero
