2740 4572
299 239 361 301 214
658 237 718 293 Lib.
738 238 773 292 11.
793 238 858 307 Cap.
876 238 923 293 lv.

257 435 417 520 quidem
448 480 580 498 .....
613 434 827 502 fictilibus
870 436 1102 519 prolibatur
1144 436 1348 519 simpuis.

257 540 516 609 Imenaruabilom
548 544 665 606 terrae
702 540 949 624 benignitatem,
987 543 1021 607 si
1058 543 1125 626 qui
1163 542 1348 629 singula

256 649 449 726 aestimet,
473 646 597 713 etiam
618 650 660 711 ut
682 648 928 713 omittantur
955 650 994 714 iu
1024 650 1200 733 frugum,
1228 651 1346 726 uini,

256 771 475 838 pomorum,
517 754 748 830 herbarum,
791 754 1003 831 trutinum,
1054 754 1345 820 medicamen-

256 869 403 936 torum,
448 861 704 927 metallorum
742 859 962 942 generibus
998 862 1204 929 beneficia
1241 864 1344 928 eius

256 985 419 1050 qumque
458 967 587 1033 adhue
626 966 815 1044 diximus,
855 966 918 1031 vol
956 967 1088 1036 assidua
1122 968 1343 1053 patefaciant

255 1073 496 1156 figlinarum
518 1092 637 1154 opera
658 1073 899 1138 imbricibus
921 1076 979 1138 oet
1022 1073 1071 1139 De
1091 1075 1182 1141 verbo
1205 1077 1339 1157 pate-

255 1179 271 1242 i
275 1179 413 1244 noiant
433 1177 618 1262 relinquitm·
640 1178 793 1244 dubitatio
814 1179 928 1262 aliqua,
950 1177 1010 1246 nisi
1032 1181 1112 1263 quod
1134 1184 1257 1247 eertum
1286 1184 1340 1246 est

255 1285 482 1352 ooniunotivum
504 1284 630 1350 modum
654 1287 737 1352 uerbi
759 1287 895 1369 positum
915 1284 1020 1351 fuisse.

355 1403 422 1470 Lib.
445 1403 589 1481 XXXVI,
615 1403 690 1468 108:
721 1405 981 1483 Quamobrem
1006 1402 1131 1484 pudor
1155 1403 1337 1470 Romani

255 1510 428 1576 nominis
450 1510 657 1593 proprius,
681 1511 748 1594 qui
770 1528 872 1592 sape
894 1529 956 1574 res
979 1508 1166 1592 perditas
1189 1528 1332 1576 sorva·

253 1616 314 1681 vit
346 1618 385 1681 iu
418 1616 593 1700 proeliis,
625 1617 720 1682 tuno
741 1634 896 1700 quoque
920 1616 1127 1694 subvenit,
1157 1618 1228 1683 sed
1251 1616 1335 1682 illo

253 1723 432 1803 tempore
454 1724 493 1787 in
515 1728 603 1805 post
624 1723 749 1787 vitam
770 1723 1028 1798 erubescens,
1044 1741 1127 1788 oum
1150 1724 1333 1804 puderet

253 1827 380 1906 vivos,
396 1831 595 1912 tamquam
616 1829 850 1912 puditurum
872 1828 1236 1895 essetexstinetos.
1263 1830 1331 1896 Sub

252 1930 365 1996 litteris
400 1935 436 1996 in
470 1939 561 2016 post
587 1936 725 2013 vitam,
748 1953 854 2018 quaero
876 1953 930 2018 pro
952 1935 991 2000 iis
1013 1935 1043 1999 in
1066 1934 1224 2000 codicibus
1249 1937 1331 2002 sori-

253 2038 367 2102 buntur
388 2040 703 2122 (inposuitiam),
726 2039 804 2106 latet
824 2041 1004 2126 impostura
1025 2040 1106 2117 (sed
1128 2040 1205 2106 illo
1229 2044 1327 2106 tem·

252 2164 344 2227 pore
381 2146 606 2229 impostura
641 2148 906 2223 erubescens).
960 2147 1130 2228 Deoeptum
1171 2148 1325 2229 pudorem

251 2249 370 2317 Plinius
392 2252 475 2320 dicit.
584 2317 587 2326 ,

669 2503 896 2580 Quintilianus.

350 2669 416 2736 Lib.
440 2671 526 2748 Vlll,
549 2673 578 2748 3,
602 2671 641 2734 ‘26
665 2672 730 2746 lubi
752 2672 854 2755 agitur
874 2671 912 2736 de
935 2670 1055 2737 modieo
1078 2688 1135 2735 usu
1155 2671 1321 2736 uerborum
1357 2624 1358 2691 ¹

250 2775 475 2857 antiquorum:
504 2777 710 2842 AErumnas
740 2778 833 2861 quid
863 2796 960 2860 opus
992 2778 1078 2842 est?
1104 2776 1319 2858 Tamquam

249 2899 395 2962 parvus
420 2883 476 2946 sit
494 2883 654 2948 dicatur
679 2885 746 2965 qui
772 2885 866 2960 (dior.
892 2903 911 2948 a
934 2880 1068 2948 secunda
1090 2901 1192 2959 manu,
1215 2881 1318 2946 Turio.

249 2985 363 3069 quod)
397 2989 583 3054 orridum.
641 2989 799 3072 Descripsi
836 2991 948 3067 locum,
989 2988 1249 3072 quemadmodum
1289 2988 1318 3050 in
1356 3001 1357 3064 l

249 3092 376 3176 optimis
406 3095 557 3160 oodioibus
584 3094 706 3180 legitur.
761 3097 801 3160 ut
831 3114 867 3160 sn
895 3095 944 3173 iis,
974 3114 1042 3179 qua
1071 3094 1258 3177 procedunt,
1288 3095 1318 3158 et
1356 3069 1357 3123 ¹

249 3219 286 3263 ex
307 3199 354 3277 iis,
380 3220 449 3283 quae
471 3204 648 3285 sequuntur,
671 3203 798 3284 apparet
820 3200 1043 3280 Quintilianum
1067 3201 1214 3267 voeabula
1243 3201 1315 3264 tan·

249 3309 315 3371 tum
337 3307 404 3391 ipsa
425 3308 552 3392 antiqua
575 3311 630 3373 aut
652 3311 753 3373 minus
775 3308 890 3373 usitata
912 3325 1100 3382 enumerare,
1125 3307 1257 3373 breviter
1280 3306 1315 3370 de

247 3414 286 3478 iis
310 3414 506 3493 iudicantem,
530 3432 588 3479 uon
612 3416 728 3479 usitata
750 3413 863 3479 addere
893 3417 926 3479 et
952 3433 1019 3478 oum
1045 3412 1108 3478 illis
1130 3429 1312 3495 comparare.

249 3519 316 3583 Hoo
338 3519 496 3586 intellecto
518 3523 696 3604 remotaque
723 3520 800 3585 falsa
826 3520 883 3585 illa
909 3519 1022 3604 speeie,
1052 3521 1244 3603 squamata
1268 3517 1312 3582 est
1355 3499 1356 3553 l

247 3623 445 3706 interpolatio
461 3627 743 3693 remotissimorum
759 3627 897 3692 codicum
913 3632 945 3692 et
959 3627 1140 3702 editionum,
1156 3625 1309 3690 adrerum

246 3732 421 3810 pervenitur
443 3752 501 3796 non
524 3733 570 3808 ita
591 3730 765 3812 difficulter,
788 3732 869 3815 quod
883 3732 1058 3798 huiusmodi
1073 3733 1137 3797 ests
1158 3730 1310 3798 AErumno

247 3836 341 3918 quid
363 3856 458 3920 opus
482 3838 558 3917 est,
574 3839 920 3922 tamquamparum
940 3837 1309 3920 sit,<si>dieatur
1354 3883 1355 3900 r

247 3960 336 4027 queo,
361 3943 589 4009 horridum?
612 3943 645 4006 ln
665 3942 716 4022 iis,
733 3962 802 4027 quae
820 3948 999 4029 sequuntur,
1016 3946 1154 4010 membra
1168 3941 1307 4008 orationis
1354 3931 1355 3985 ἶ

246 4047 408 4133 Zumptius
430 4057 512 4115 reolo
539 4052 694 4130 separavit
715 4057 747 4115 et
771 4051 813 4129 id,
842 4053 921 4136 quod
947 4050 1135 4134 praeoipuum
1167 4051 1242 4126 erat,
1266 4049 1306 4112 in·
