2712 4576
269 269 310 334 98
645 269 704 324 Lib.
723 270 758 325 11.
779 269 843 340 Cep.
862 269 885 323 Ι.
972 341 978 356 x

225 467 496 536 eommemoratam
512 484 589 541 esse,
612 464 666 532 sed
682 465 727 531 sio
741 465 861 549 potius:
883 464 1084 547 illumque
1105 461 1175 549 ipse
1198 462 1320 528 dicit

225 593 318 642 vooe
341 572 450 640 dulei
472 574 511 638 et
532 573 642 638 alara
662 570 800 638 fuisse.
845 570 1043 656 Signifioatur
1064 569 1158 648 loeus,
1180 568 1236 653 qui
1257 569 1322 635 est

222 681 264 747 de
287 679 354 747 Gor.
376 679 449 757 313,
482 677 535 743 ubi
555 676 718 744 AEeohines
746 676 920 759 appellatur
950 669 1311 763 λαμπροφωνότατος.

327 840 478 911 inimo:
501 860 586 907 nam
609 842 647 906 et
670 838 892 920 iudicabit,
917 840 1013 924 quid
1035 841 1179 924 eoique
1203 859 1319 924 opus

226 947 533 1032 sit‚etpoterit‚
550 945 922 1031 quorumquemodo
939 946 1318 1029 postulrrbitoausar

226 1053 370 1120 dioore.
415 1051 513 1119 Valde
529 1072 643 1135 uereor,
666 1072 705 1119 ne
728 1054 800 1137 post
824 1053 968 1136 eoique
992 1052 1138 1118 exciderit
1160 1068 1287 1120 euusae.

328 1219 408 1288 lbid.
422 1220 472 1286 73.
504 1221 541 1284 In
561 1219 629 1287 loeo
650 1221 796 1304 longiore,
819 1239 912 1304 quum
934 1222 970 1285 ut
990 1219 1075 1284 totus
1097 1219 1315 1286 transscriba-

224 1329 286 1407 tur,
308 1325 503 1410 perspicuum
526 1328 575 1393 est
596 1344 666 1392 oum
689 1324 806 1391 oauseli
821 1325 985 1404 sententia,
1004 1345 1072 1409 quae
1089 1326 1134 1390 sio
1151 1324 1316 1390 decurrit:

225 1432 559 1498 Oumhoodeeere
582 1476 716 1495 .....
738 1432 929 1515 quantum
952 1433 1021 1507 sit,
1044 1431 1242 1514 appareat
1266 1430 1314 1494 in

225 1538 388 1622 alioque
409 1538 585 1622 ponatur
605 1537 800 1621 aliudque
821 1538 952 1604 totum
974 1539 1045 1618 sit,
1072 1538 1206 1603 utrum
1230 1537 1308 1603 de-

225 1663 313 1712 eore
336 1663 381 1710 au
403 1646 592 1727 oportere
614 1644 726 1710 dieas
748 1647 816 1720 eet,
842 1643 927 1710 nullo
950 1644 1040 1711 modo
1064 1643 1210 1728 coniungi
1235 1643 1316 1709 haeo

225 1769 332 1835 posse:
364 1769 449 1816 oum
481 1751 568 1827 hoo,
601 1748 780 1833 inquam,
812 1749 953 1816 decere
976 1750 1165 1830 dicimus,
1189 1751 1311 1815 illud

226 1875 299 1922 uon
333 1856 491 1934 dooere,
525 1858 564 1921 et
598 1855 639 1920 id
659 1872 1028 1940 usquequaqueuon
1051 1857 1150 1922 solum
1174 1859 1311 1938 propter

226 1962 429 2030 indicativum
453 1963 538 2028 verbi
559 1961 697 2037 modum,
729 1963 782 2027 sed
806 1962 886 2046 quod
906 1962 976 2045 ipsa
997 1964 1090 2029 uerba
1110 1982 1147 2027 ne
1170 1961 1313 2028 minima

227 2068 351 2152 quidem
387 2088 423 2134 ex
454 2069 542 2151 parte
575 2087 675 2135 oeusee
708 2066 966 2152 significationem
987 2069 1083 2134 ullam
1105 2068 1224 2134 habeut
1247 2074 1310 2134 aut

225 2176 265 2243 ed
298 2175 427 2242 oratoris
460 2175 536 2253 eius,
559 2172 642 2258 quod
664 2172 781 2255 deceat,
805 2175 945 2241 servandi
960 2174 1103 2240 *officium
1126 2174 1307 2256 pertinent;

227 2281 310 2367 quod
345 2284 448 2348 tumen
484 2280 613 2347 delendo
647 2280 781 2347 editores
802 2280 876 2346 indo
897 2301 916 2346 a
938 2282 1085 2348 Lambino
1107 2285 1312 2366 grassantum

225 2407 285 2454 non
307 2388 407 2453 solum
428 2388 497 2454 ideo
521 2390 635 2453 temero
657 2386 702 2462 fit,
732 2387 811 2472 quod
840 2387 924 2453 nuile
953 2387 1157 2453 additamenti
1185 2390 1306 2471 probu-
1354 2403 1355 2430 ¹

226 2495 298 2560 bilis
319 2495 403 2579 origo
425 2493 666 2572 demonstratur,
693 2495 748 2560 sed
776 2495 870 2560 etium
892 2493 974 2576 quod
994 2494 1062 2576 ipsa
1084 2495 1177 2560 rerba
1198 2497 1311 2578 aptis-

225 2601 304 2666 sima
325 2602 397 2665 suut
419 2597 459 2664 ad
482 2599 665 2666 dooleraude
679 2619 725 2680 eo,
742 2619 810 2684 quae
824 2597 961 2682 proxime
981 2600 1176 2681 praecedunt:
1198 2603 1308 2685 quod

225 2724 382 2788 semper
402 2715 650 2787 usurpamus
671 2704 710 2769 in
739 2705 924 2772 omnibus
946 2706 1071 2772 dietis
1093 2709 1133 2772 et
1153 2706 1305 2783 foetis,
1353 2721 1354 2792 p

225 2811 410 2878 minimis
427 2814 466 2876 et
489 2810 681 2876 maximis.
715 2810 819 2877 Unum
835 2830 1012 2893 perversum
1030 2814 1086 2892 est,
1103 2831 1310 2898 quorumque

224 2916 315 2985 modo
330 2916 423 2982 verba
441 2914 642 2998 arripiuntur,
664 2915 842 3000 inquam,
865 2919 1021 3002 quoniam,
1045 2937 1145 3002 noque
1168 2921 1194 2985 si
1216 2939 1306 3003 prae·

224 3023 403 3091 rodentibus
435 3021 656 3108 adiunguntur,
689 3041 788 3107 neque
819 3024 846 3089 si
867 3024 908 3090 ad
928 3025 1084 3090 oeusalem
1106 3027 1305 3092 sententiam

223 3129 397 3209 trahuntur,
429 3128 494 3195 ulla
525 3128 576 3196 hio
608 3130 656 3197 est
684 3129 832 3196 orationis
858 3126 1040 3214 interruptae
1062 3131 1299 3216 redintegratio.
1352 3167 1353 3194 r

224 3235 340 3319 Opinor
355 3235 534 3302 Ciceronem
550 3235 596 3302 sio
618 3236 793 3319 scripsisse:
817 3236 907 3302 Cum
929 3236 1002 3303 hoe
1023 3238 1164 3303 deoere
1178 3240 1304 3323 (quod

223 3361 378 3426 semper
401 3360 641 3426 usurpamus
662 3343 701 3408 in
723 3342 906 3409 omnibus
936 3343 1061 3409 dietis
1091 3345 1130 3408 et
1153 3345 1303 3424 sautia

223 3449 402 3515 minimis
423 3451 463 3515 et
483 3447 684 3523 maximis,
713 3467 797 3514 oum
827 3448 900 3516 hoo
920 3450 1047 3535 uspiam
1069 3451 1211 3516 decere
1235 3450 1297 3517 di·
1351 3483 1352 3534 p

223 3555 366 3634 aimus,
403 3553 508 3620 illud
537 3573 610 3621 uon
646 3556 805 3635 dooere,
841 3558 880 3622 et
914 3555 955 3621 id
991 3565 1302 3640 usquequaque)

223 3662 412 3744 quantum
445 3660 518 3736 sit,
552 3664 748 3745 appareat
769 3661 827 3728 oet.
885 3662 1022 3728 Primum
1044 3662 1160 3739 Oioero,
1184 3682 1294 3747 quem-

223 3765 389 3832 admodum
410 3767 541 3849 sparsim
563 3769 595 3833 et
615 3767 647 3832 in
669 3767 802 3852 singulis
823 3767 915 3833 rebus
938 3768 1047 3835 dooere
1061 3771 1093 3834 et
1108 3787 1169 3835 non
1185 3770 1300 3836 dooere

221 3871 339 3958 aliquid
362 3871 493 3952 dicetur,
516 3872 681 3958 signifieat,
712 3873 821 3940 deinde
851 3873 942 3939 huius
964 3875 1048 3940 verbi
1070 3862 1160 3940 usum
1184 3877 1217 3942 et
1239 3877 1297 3941 de-

221 3979 300 4046 ooris
321 3978 470 4060 iudioium
494 3978 534 4045 ed
556 3982 659 4045 omnia
685 3978 861 4064 pervulgari
889 3979 967 4045 dieii
988 3982 1038 4060 (et
1070 3982 1109 4047 id
1140 4000 1293 4065 usque-

220 4092 400 4174 quaque).
453 4086 500 4150 Ae
528 4083 567 4152 de
594 4087 661 4151 tota
690 4084 814 4168 quidem
842 4084 902 4150 ioei
933 4087 1031 4153 forma
1049 4090 1085 4153 'et
1106 4087 1295 4154 cohaerentia
