2712 4576
457 195 598 252 Ciceronis
617 197 749 267 epistolae.
1035 198 1092 260 167

55 390 126 456 iam
147 392 326 476 Malaspina
347 394 471 474 feceret,
501 394 540 460 ad
570 393 671 477 priora
699 393 807 461 tractis
830 394 1134 472 (amantissimus

55 497 161 576 mei),
198 497 230 562 in
263 503 400 566 mentem
430 501 534 568 venire
556 499 699 581 Tullius,
727 505 763 567 ut
790 501 983 586 intelligatur
1011 502 1134 569 Marcus

56 602 98 683 is,
122 604 178 686 qui
201 605 288 686 VIII,
312 607 348 669 11
374 607 400 672 Β
423 609 497 675 extr.
521 609 711 674 necessarius
734 607 890 674 Ciceronis
912 607 1095 692 appellatur.

164 744 245 811 lbid.
278 751 299 832 ᾗ
328 748 347 808 2
381 755 486 832 (quem
517 749 618 814 locum
651 747 729 814 nov.
757 748 789 813 Il
816 769 845 833 p.
874 749 936 812 234
963 769 1007 832 sq.
1030 749 1132 814 minus

57 853 328 932 rectatractavi):
352 857 394 920 ln
417 853 638 938 republica
660 873 768 933 vero,
792 873 1026 939 quamquam
1047 855 1133 921 ani·

57 978 146 1024 mus
176 961 239 1024 est
265 977 459 1042 praeseus,
490 962 622 1027 tamen
650 961 840 1026 voluntas
870 961 991 1026 etiam
1014 962 1132 1046 atque

57 1065 187 1130 etiam
209 1066 297 1148 ipsc
317 1066 520 1133 medicina
542 1066 688 1132 efficit
736 1066 797 1132 Pro
827 1066 966 1133 efficit
996 1067 1130 1133 scriben-

60 1173 137 1236 dum
167 1190 235 1238 csse
265 1165 414 1239 deficit
439 1174 501 1239 iam
527 1175 565 1240 ab
592 1174 663 1240 aliis
684 1171 880 1240 intellectum
901 1176 965 1250 est;
987 1174 1042 1239 sed
1061 1192 1130 1239 ro-

58 1277 202 1345 luutas
235 1280 274 1344 ab
308 1279 410 1346 auimo
443 1281 586 1362 praesenti
616 1278 752 1366 separari
782 1282 815 1345 et
835 1280 865 1345 ei
886 1281 1040 1347 contraria
1060 1281 1130 1363 poni

60 1386 178 1470 nequit.
226 1387 319 1452 Latet
339 1386 396 1452 sub
418 1386 475 1454 hoe
503 1386 625 1452 nomine
647 1386 800 1468 participii
822 1385 982 1470 presentis
1004 1403 1129 1452 accuse-

59 1491 153 1571 tivus‚
185 1493 234 1557 cui
262 1491 447 1576 adiungetur
476 1494 598 1559 etiam
627 1495 747 1577 atque
770 1493 901 1558 ctiam.
945 1492 1014 1558 Non
1037 1490 1129 1564 saus-

60 1597 143 1676 facit‚
168 1596 249 1682 quod
279 1599 453 1681 proximum
482 1601 622 1680 occurrit,
659 1599 859 1676 volentem
890 1598 983 1683 longe
1013 1599 1129 1684 aptiusz

62 1701 247 1770 volutantes
276 1706 398 1771 etiam
427 1707 546 1791 atque
574 1707 706 1772 etiam.
749 1705 888 1771 Verbum
911 1690 1026 1784 tamen,
1048 1704 1129 1789 quod

61 1811 108 1875 est
128 1811 333 1890 volutare,
352 1811 411 1877 hoc
424 1811 596 1896 significatu
612 1831 671 1878 non
686 1813 839 1896 reperitur
853 1811 936 1895 apud
952 1812 1128 1878 Ciceronem

63 1916 120 1981 nisi
143 1917 180 1982 de
203 1917 248 1981 Re
270 1935 300 1999 p.
321 1918 347 1996 L
371 1917 420 1982 28.

159 2055 241 2122 lbid.
266 2057 315 2137 19,
332 2058 367 2121 2:
389 2060 519 2142 Atque
537 2058 576 2122 in
599 2077 638 2124 re
660 2058 825 2141 publice
846 2058 1126 2140 nuncquidem

65 2165 228 2229 maxime
250 2163 406 2230 Gallici
434 2168 650 2231 versantur
678 2167 824 2242 motus;
855 2182 941 2229 nam
970 2162 1126 2238 Haedui,

64 2267 213 2336 fratres
247 2271 396 2350 nostri,
423 2273 604 2355 pugnant
631 2270 745 2354 pueri
775 2271 813 2335 in
845 2270 946 2335 alam
977 2286 1128 2352 pugnu-

64 2379 153 2443 runt
176 2378 214 2441 et
236 2376 322 2442 sine
345 2376 464 2443 dubio
486 2376 630 2441 suntin
648 2377 769 2441 armis
786 2375 1127 2456 excursionesque

64 2483 99 2547 in
123 2484 374 2564 provinciam
395 2484 562 2548 faciunt.
612 2483 656 2546 Ex
676 2482 790 2549 litteris
812 2482 992 2567 puguant
1013 2481 1128 2564 pueri

64 2587 99 2652 in
120 2590 221 2654 alam
244 2592 476 2673 pugnarunt
497 2608 620 2671 prorsus
645 2591 729 2654 certa
751 2590 965 2656 emendatione
980 2587 1126 2653 afficitur:

63 2710 205 2778 pugnam
225 2695 405 2780 permalam
433 2697 673 2779 pugnarunt.
722 2695 782 2761 Sed
806 2695 916 2762 deinde
938 2694 1128 2760 desideratur
1191 2694 1198 2710 '

65 2818 171 2865 nomen
206 2801 334 2868 alterius
355 2802 471 2888 populi
498 2800 611 2868 Gallici
640 2802 727 2866 infidi
756 2803 788 2867 et
816 2803 948 2883 hostilis,
976 2800 1036 2885 ,qui
1058 2819 1126 2866 con·

65 2906 173 2972 trarius
204 2908 328 2990 ponitur
354 2909 483 2974 Haeduis
511 2909 716 2974 Romanorum
739 2907 861 2989 amicte
896 2910 961 2974 eius
994 2907 1127 2974 nominis

67 3013 150 3078 tenue
173 3013 339 3098 vestigium
361 3015 504 3081 relictum
526 3019 573 3080 est
593 3015 626 3078 in
656 3014 770 3079 litteris
800 3017 847 3082 er.
892 3015 1126 3080 Carnutesue

67 3117 182 3200 fuerint,
217 3139 278 3185 uon
311 3120 438 3198 dcfinio;
467 3121 548 3203 prior
569 3120 662 3186 huius
684 3121 814 3186 nominis
837 3140 908 3204 pars
932 3121 1126 3199 (Oarnut)

68 3223 150 3291 facile
187 3226 323 3292 excidere
358 3229 481 3309 poterat
516 3229 641 3310 propter
660 3227 851 3291 'litterarum
888 3225 1127 3291 similitudinem

65 3335 231 3410 darunt),
254 3332 309 3398 sed
331 3333 420 3399 sedes
443 3351 549 3398 eorum
571 3334 692 3418 longius
714 3353 732 3398 a
753 3333 909 3416 provincia
929 3331 1068 3396 aberant.

161 3485 239 3551 lbid.
262 3486 282 3572 ᾗ
304 3485 340 3550 9:
364 3504 466 3564 nam,
490 3486 590 3568 quod
611 3504 668 3551 me
690 3504 778 3551 essa
800 3486 848 3550 ad
871 3483 1127 3551 scribendum

67 3591 192 3668 vides,
216 3591 365 3675 exipso
387 3591 762 3659 senatusconsulto
792 3591 1036 3675 intelligere
1056 3611 1126 3674 po·

65 3696 135 3778 tes,
158 3698 278 3764 aliam
301 3717 380 3764 rom
402 3701 485 3763 tum
503 3700 689 3778 relatam,
706 3699 926 3765 hocautem
943 3698 1126 3781 depopu-

69 3800 115 3868 lis
146 3803 294 3871 liberis
328 3805 414 3870 siue
448 3823 568 3871 causa
596 3804 796 3884 addit-um,
830 3806 947 3871 etita
976 3804 1126 3869 factum

70 3912 123 3974 est
142 3929 161 3976 a
182 3911 218 3976 P.
241 3911 418 3977 Servilio
441 3910 549 3991 filio,
572 3913 638 3994 qui
660 3911 697 3974 in
719 3912 939 3995 postremis
962 3910 1125 3975 senten-

67 4015 155 4081 tiam
171 4017 276 4082 dixit
290 4019 348 4083 cei.
371 4016 572 4082 Manifestum
585 4016 634 4081 cet
647 4021 788 4101 corrupta
803 4037 870 4083 esse
885 4019 917 4082 et
931 4016 1024 4083 verba
1038 4013 1125 4079 sine
