2740 4572
281 241 342 303 226
650 238 710 294 urs.
729 238 765 293 u.
784 238 849 308 cap.
868 238 901 293 v.
1355 190 1356 284 l

240 436 382 503 ciscar.
433 434 506 501 Sine
535 435 628 502 dubio
658 435 785 503 Tacitus
808 434 989 521 scripserat:
1012 437 1052 501 et
1072 432 1320 520 <pr-ivatas>

239 541 426 627 privatas
446 541 715 620 inimicitias,
730 560 805 609 non
826 541 864 606 vi
879 540 1099 625 principis,
1122 537 1322 604 ulciscar.

343 730 423 797 lbid.
446 730 486 796 63
508 732 577 808 (ubi
591 730 761 814 exponitur,
777 730 887 814 quibus
901 728 1092 814 argumentis
1108 728 1319 794 testimoniis·
1356 714 1357 806 l

240 857 300 924 qne
328 837 444 904 Groecae
475 836 558 902 Asiae
587 835 731 902 civitates
763 855 827 903 usae
856 835 979 902 sintin
1002 833 1156 920 asplomm
1183 853 1316 900 suornm
1356 867 1357 870 π

240 943 306 1010 iure
323 941 517 1008 defendendo
532 941 831 1026 confirmanduque)=
846 941 1050 1025 Propiora
1072 938 1321 1018 Sardianos,

240 1047 465 1116 Alexandri
500 1046 675 1113 victoris
711 1047 750 1114 id
790 1048 941 1115 donum.
1005 1046 1141 1131 Neque
1181 1048 1318 1111 minus

241 1154 430 1221 Milesios
453 1154 582 1219 Dareo
604 1172 698 1237 rege
720 1153 818 1231 uiti;
848 1155 916 1221 sed
946 1154 1082 1220 cultus
1107 1153 1319 1226 numinum
1357 1238 1358 1244 η

240 1260 427 1343 utrisque
470 1259 637 1326 Dianam
688 1263 756 1326 aut
798 1262 1029 1343 Apollinem
1078 1258 1320 1324 venerandi.
1357 1255 1358 1270 ³

240 1366 342 1433 Multa
362 1367 395 1431 in
417 1372 555 1432 exnema
575 1368 663 1448 parte
684 1365 846 1432 sententia
859 1385 953 1453 grave
968 1366 1115 1431 mendum
1130 1370 1321 1446 coarguunt,

240 1473 376 1558 primum
408 1489 519 1555 pravus
555 1470 607 1536 illo
642 1471 785 1556 gerundii
817 1473 980 1556 genetivus
1012 1470 1262 1550 (venerandi)
1299 1491 1322 1536 a

240 1581 326 1649 nullo
357 1579 553 1646 substantivo
581 1578 716 1660 pendens
748 1577 902 1656 (cultus
934 1581 997 1643 ost
1027 1577 1218 1660 utrisque
1247 1577 1317 1641 Di-

241 1704 352 1752 anam
385 1683 635 1763 venoraudi),
663 1702 753 1766 quern
783 1684 898 1751 irustra
930 1684 1054 1750 delendi
1086 1683 1162 1750 satis
1185 1683 1319 1766 exposui
1358 1759 1359 1796 1

241 1793 274 1858 in
313 1790 569 1857 Adversariorum
609 1789 766 1857 volumine
808 1791 906 1856 altero
950 1810 979 1873 p.
1023 1789 1084 1854 553
1127 1790 1159 1856 et
1202 1789 1318 1867 556*),
1358 1841 1359 1848 ,

242 1897 353 1963 deinde
389 1896 525 1961 cultus
561 1914 672 1963 nomen
708 1899 763 1962 aut
798 1913 892 1979 pravo
911 1913 999 1978 casu
1026 1896 1162 1978 positum
1198 1897 1318 1974 (oratio
1358 1881 1359 1892 ¹

242 2003 325 2070 enim
361 2002 486 2085 obliqua
523 2004 732 2068 accusativum
768 2003 920 2086 postulat)
956 2003 1011 2068 aut
1045 2020 1138 2084 pravo
1172 2019 1318 2078 numero,

241 2114 309 2176 turn
345 2109 478 2175 inanitas
514 2109 684 2188 sententia,
722 2111 888 2192 utrumqne
924 2108 1070 2194 populum
1104 2107 1215 2173 habere
1248 2108 1320 2174 cul·

241 2223 310 2284 tum
341 2215 514 2296 numinum,
547 2215 584 2281 nt
612 2216 672 2280 aut
688 2215 820 2280 Dianam
842 2217 896 2281 aut
917 2213 1095 2296 Apollinem
1116 2215 1318 2293 venerentur,
1359 2289 1360 2302 χ

242 2322 332 2408 qnasi
354 2323 423 2406 quis
441 2319 592 2405 suspicari
606 2321 705 2402 possit
720 2321 806 2386 nulla
820 2340 873 2388 eos
888 2321 1015 2387 numina
1029 2320 1138 2398 colere,
1155 2322 1320 2403 postremo

241 2430 308 2497 haec
329 2429 433 2497 omnia
454 2444 596 2512 perverse
624 2427 777 2511 particula
805 2426 999 2511 adversativa
1022 2425 1232 2510 superioribus
1256 2428 1317 2490 ad-

242 2537 359 2615 iuncta,
382 2552 451 2600 cum
472 2533 550 2600 nihil
571 2553 696 2616 prorsus
719 2534 761 2600 sit
774 2533 921 2601 coronarii
934 2536 989 2599 aut
1003 2532 1086 2616 quod
1101 2531 1321 2613 superioribus

243 2643 400 2726 repugnet.
444 2639 505 2705 Sed
534 2640 593 2705 hac
624 2641 692 2722 ipsa
718 2640 871 2724 particula
899 2640 963 2706 veri
986 2637 1163 2706 inveniendi
1183 2637 1318 2702 initium

243 2748 433 2822 contimtum
464 2748 593 2829 apparet
625 2745 707 2811 enim
740 2747 820 2813 hauc
852 2765 1005 2813 summam
1040 2763 1107 2812 esse
1138 2743 1316 2823 sententiae,

244 2853 408 2918 Sardianos
430 2852 462 2917 et
491 2848 641 2927 Milesios,
676 2870 863 2937 quamquam
892 2851 1015 2935 utrique
1046 2852 1171 2917 vetusta
1202 2869 1318 2935 regum

245 2957 430 3024 auctoritate
461 2955 612 3035 nitantur,
644 2960 749 3023 tarum
782 2977 843 3022 non
876 2957 1013 3024 eiusdem
1046 2958 1096 3024 dei
1128 2955 1317 3040 religionem

244 3061 324 3128 tueri
346 3064 379 3128 et
399 3060 507 3142 colere,
530 3062 585 3128 sed
606 3062 721 3129 alteros
744 3063 860 3142 Diana,
884 3064 998 3130 alteros
1019 3063 1171 3148 Apollinis
1193 3063 1321 3147 (itaque

243 3169 411 3236 Dianam
432 3170 761 3252 autApolliuem,
778 3189 838 3236 non
854 3169 1023 3236 Dianam
1039 3169 1317 3252 etApollinem

243 3275 410 3354 scribitur).
455 3277 595 3358 Apparet
618 3276 649 3340 in
672 3274 721 3340 his
742 3275 844 3342 verbis
871 3277 939 3343 sed
962 3277 1097 3369 cultus
1118 3276 1319 3342 numinum

243 3382 433 3466 utrisque
467 3383 563 3449 latere
591 3382 706 3449 diversi
735 3382 838 3447 cultus
870 3381 1137 3466 significationem,
1165 3383 1212 3447 ita
1241 3402 1318 3448 con-

244 3493 378 3573 ceptam,
400 3495 436 3555 nt
466 3489 494 3554 ei
521 3488 768 3554 accommodetur
798 3487 963 3572 genetivus
997 3487 1049 3554 ille
1081 3491 1318 3556 venerandi.

245 3597 417 3678 Scripserat
437 3595 582 3661 Tacitus:
606 3597 673 3661 sed
695 3594 830 3661 cultus
852 3612 969 3662 nomen
984 3613 1049 3662 non
1063 3613 1163 3663 unum
1184 3596 1316 3663 utris-

299 3881 325 3952 *)
344 3881 461 3937 Frustra
484 3883 511 3936 on
534 3847 622 3952 spise.
643 3883 677 3938 eu
695 3883 825 3939 orernum
844 3882 878 3952 (a.
899 3883 978 3951 reae)
1006 3900 1032 3952 p.
1051 3882 1087 3938 eo
1106 3885 1314 3952 epexegesim

347 3975 464 4045 genetivi
491 3992 569 4030 usum
595 3977 734 4045 advocavi,
763 3994 843 4045 quem
873 3977 993 4032 excludit
1021 3977 1159 4031 sententia
1187 3976 1315 4045 (cultus

237 4085 242 4095 ·
348 4067 593 4135 estutrisquel.
