2728 4582
517 327 630 383 Homeri
648 328 723 383 Ilias.
744 281 749 292 Ι
1095 331 1114 392 b

187 522 386 590 Adiectivum
407 517 559 603 dedecor
580 524 658 591 miro
680 526 713 589 et
734 526 903 591 insolenter
926 547 942 592 e
964 526 1061 593 futuri
1076 529 1157 592 tem·

80 628 172 709 poris
194 629 287 694 verbo
310 625 467 716 liccam)
490 630 617 697 ductum
643 649 743 715 neque
771 631 865 698 simili
888 633 1026 716 exemplo
1048 633 1158 700 confir·

81 738 208 803 matum
231 737 306 819 quid
327 756 398 804 cnm
419 737 564 821 genetivo
586 733 725 823 (ἄλλων)
743 739 937 806 coniunctum
961 737 1159 823 significaret,

82 841 146 924 ipsi
171 843 294 924 antiqui
315 844 509 928 ignorabant,
532 863 662 928 quaeque
683 846 715 910 in
738 844 864 910 scholiis
886 846 918 910 et
939 845 1023 928 apud
1044 845 1159 911 Eusta-

80 949 188 1014 thium
211 950 421 1031 proponuntur
442 950 710 1032 interpretationes
732 952 888 1028 (enarrant
906 951 989 1016 enim
1010 954 1066 1016 eut
1087 951 1157 1016 aliis

81 1057 222 1122 invisum
242 1058 304 1134 eut,
328 1073 420 1137 quem
442 1055 573 1120 aliorum
596 1076 664 1122 cum
687 1057 797 1124 timore
818 1057 955 1141 pudeat),
977 1076 1036 1124 non
1058 1057 1158 1123 solum

81 1164 208 1228 ratione
230 1165 332 1228 carent
354 1164 520 1245 formaque
541 1163 603 1244 ipsi
625 1164 767 1230 vocabuli
789 1164 972 1248 repugnant,
992 1163 1156 1229 sedetiam

84 1289 104 1334 a
127 1269 293 1334 sententiae
315 1273 345 1332 et
367 1269 510 1334 orationis
534 1288 611 1334 nexu
633 1288 757 1351 prorsus
780 1270 890 1336 alienae
911 1271 994 1337 sunt.
1038 1270 1157 1336 Aristo·

83 1376 207 1458 phanes
236 1375 404 1459 Byzantius
433 1380 464 1441 et
491 1375 688 1441 Herodianus
718 1376 933 1450 coniecturam,
961 1378 998 1441 ut
1022 1377 1160 1459 apparet,

84 1483 187 1547 secuti
210 1475 356 1562 ἐπόψιον
372 1482 545 1546 scribebant
567 1481 757 1566 intelligique
780 1483 925 1549 volebant
946 1501 1027 1555 eum,
1051 1481 1158 1564 quiin

82 1589 221 1654 aliorum
243 1590 407 1669 conspeetu
429 1593 481 1666 (ἐν
503 1585 580 1664 ὄψει
604 1585 727 1668 ἄλλων)
751 1589 884 1672 turpiter
913 1608 946 1654 se
975 1591 1105 1673 gereret,
1127 1589 1158 1652 in

85 1713 151 1777 qua
173 1694 325 1774 scriptura
346 1697 379 1758 et
400 1693 599 1769 enarratione,
623 1699 828 1778 preterquam
854 1696 937 1779 quod
962 1713 1057 1779 prava
1070 1713 1178 1790 roca-k

85 1801 155 1866 buli
178 1800 276 1864 lorme
297 1803 411 1876 manet,
436 1821 582 1884 perquam
604 1801 807 1874 incommode,
832 1820 872 1867 ne
898 1801 997 1867 dicam
1019 1800 1159 1868 ridicule,

84 1906 213 1978 accidit,
236 1909 272 1971 ut
294 1907 391 1987 ipsius
412 1908 616 1990 turpitudinis
638 1911 732 1991 atque
754 1907 910 1975 dedecoris
933 1909 1019 1973 nulle
1036 1908 1163 1973 omnino

86 2015 121 2078 in
144 2013 295 2079 vocabulo
324 2013 512 2096 significatio
539 2014 625 2092 insit,
654 2017 708 2080 sed
730 2013 944 2081 tantummodo
971 2014 1108 2079 hominis
1129 2013 1160 2076 in

88 2121 222 2185 aliorum
255 2119 419 2202 conspectu
455 2120 558 2202 positi.
612 2122 663 2186 Ad
700 2141 768 2187 eam
804 2121 1030 2197 difficultatem,
1067 2135 1160 2202 quam

89 2226 236 2292 adiectivi
259 2225 442 2310 significatio
465 2227 497 2291 et
518 2245 589 2292 cum
610 2228 752 2311 genetivo
773 2225 946 2294 coniunctio
968 2227 1071 2308 habet,
1095 2223 1163 2289 duee

89 2335 159 2399 alise
193 2333 344 2399 secedunt
376 2351 395 2397 a
426 2333 583 2398 veteribus
616 2334 827 2416 grammaticis
857 2353 918 2398 non
940 2330 1163 2398 animadversae

89 2443 146 2506 aut
168 2441 280 2504 saltem
302 2457 362 2503 non
379 2442 635 2517 commemorata,
655 2440 737 2523 quod
753 2459 823 2505 curn
839 2440 1034 2505 substantivo
1048 2429 1166 2522 λώβην

89 2547 263 2612 necessario
300 2545 431 2611 alterum
468 2545 699 2612 substantivum
742 2545 947 2629 copulandum
990 2547 1065 2622 eret,
1101 2560 1162 2608 non

90 2653 288 2729 adiectirurn
310 2656 341 2716 et
363 2650 445 2733 quod
466 2651 523 2717 hoc
544 2654 646 2736 ipsum
668 2652 895 2719 substantivum
921 2648 1073 2718 eiusmodi
1094 2667 1162 2715 esee

91 2760 196 2838 debet,
232 2779 253 2824 u
296 2759 456 2842 genetivus
477 2755 591 2825 ἄλλων
612 2759 706 2824 simul
737 2759 765 2824 ei
792 2758 853 2842 ipsi
874 2759 969 2843 atque
991 2757 1079 2823 alteri
1101 2755 1165 2840 τῆς

93 2861 209 2951 λώβης
229 2864 346 2930 nomini
367 2863 493 2949 adiungi
513 2865 622 2949 possit.
666 2864 777 2948 Neque
799 2865 881 2929 enim
907 2864 1047 2930 absolute
1070 2855 1164 2949 λώβη

90 2973 187 3038 homo
220 2971 280 3038 dici
312 2973 426 3054 potest,
460 2972 515 3037 sed
548 2965 642 3056 λώβη
674 2966 799 3054 ἄλλων,
832 2972 885 3052 qui
911 2970 980 3036 aliis
1003 2970 1164 3053 opprobrio

91 3081 188 3161 atque
220 3076 362 3144 dedecori
391 3080 441 3145 sit.
491 3078 737 3156 Substantivum‚
761 3077 839 3161 quod
862 3077 980 3143 eertum
1004 3078 1052 3140 est
1073 3075 1163 3141 hica

90 3188 184 3267 poeta
216 3184 352 3266 positum
386 3184 489 3257 luisse,
526 3185 616 3268 quale
648 3185 714 3266 ipso
746 3201 819 3248 sono
852 3179 1026 3265 litterisque
1058 3181 1164 3259 luerit,

93 3290 221 3357 delinire
254 3310 312 3355 non
345 3291 464 3368 ausim;
497 3291 721 3376 significatione
754 3289 839 3355 idem
871 3289 939 3363 lnit,
972 3289 1054 3373 quod
1081 3288 1163 3372 apud

92 3397 333 3481 Aristophanem
357 3397 602 3481 posterioresque
623 3390 647 3464 v‘
655 3389 826 3463 πώπιον
848 3397 946 3470 sonat,
959 3395 1019 3468 hoc
1036 3396 1095 3471 est,
1112 3414 1163 3461 su·

92 3502 223 3588 gillotio,
246 3522 313 3586 qnae
335 3523 389 3586 pro
412 3503 595 3588 gravissima
608 3505 795 3570 contumelia
809 3503 933 3568 dieitur.
978 3504 1065 3568 Paris
1081 3502 1163 3579 Hec-

93 3609 172 3676 toris
194 3609 307 3675 iudicio
329 3610 524 3693 opprobrium
546 3612 640 3692 atque
662 3611 820 3694 sugillatio
835 3613 1017 3686 ceterorum,
1031 3610 1167 3674 maxime

92 3715 192 3798 ipsius
216 3717 367 3796 Hectoris,
390 3723 464 3782 arat.

197 3823 233 3886 ln
256 3821 365 3887 iliadis
386 3824 465 3888 libro
489 3823 543 3897 VI,
565 3823 627 3885 286
649 3843 716 3906 sqq.
759 3823 888 3889 Hecuba
901 3823 1046 3888 Hectoris
1064 3821 1165 3888 mater

93 3929 151 3994 filii
174 3928 334 3993 admonitu
357 3929 472 3993 donum
494 3929 675 4012 praeclarum
690 3930 879 4013 prompsisse
893 3932 1044 4005 narratur,
1060 3927 1165 3992 velum

94 4036 260 4120 (πέπλον)
282 4033 565 4117 splendidissimum
587 4039 618 4099 et
641 4035 724 4117 quod
745 4035 826 4101 inter
846 4035 909 4101 alia
924 4035 1057 4117 pretiosa
1071 4032 1168 4098 caris·

94 4145 210 4208 simum
235 4144 318 4206 essct
337 4146 431 4225 atque
453 4141 484 4206 in
507 4161 578 4206 area
599 4143 663 4206 ima
690 4144 868 4224 repositum,
896 4146 932 4206 ut
958 4139 992 4203 id
1013 4137 1169 4205 comitan—

974 4489 1295 4560 μ
