2740 4572
465 264 571 320 Plinius
588 266 683 321 minor.
1010 263 1068 326 221

138 461 220 526 lbid.
252 462 310 527 65:
339 435 453 544 quam
483 463 647 546 (lignum
676 463 716 526 te
744 479 939 546 quumque
972 459 1112 525 diver-

22 589 119 632 sum
145 569 443 634 consuetudine
467 567 645 644 illorum,
669 567 737 650 qni
757 567 946 650 pauculis
967 566 1113 633 diebus

22 675 200 757 gestum
223 672 494 751 consulatum,
516 673 632 739 immo
653 692 730 738 non
751 675 911 758 gestum
932 672 1112 739 abiicie-

24 781 135 845 lsant
165 799 236 863 per
264 779 457 864 edietum!
503 779 645 846 Debebat
672 778 847 861 praepositio
870 778 942 844 addi
964 786 996 856 (a
1018 795 1112 844 con·

22 885 286 966 suetudine),
309 887 368 951 nisi
391 887 552 968 appareret
568 884 706 951 Plinium
728 887 887 968 poetamm
914 886 946 948 et
966 884 997 949 in
1021 882 1111 967 prosa

22 992 180 1058 oratione
195 993 284 1057 huius
300 993 401 1058 utatis
421 1010 510 1056 usum
524 993 704 1076 sequentem
719 990 893 1074 scripsisse:
916 990 1111 1056 diversum

22 1096 269 1164 consuetudini
298 1098 472 1163 illorum.
527 1097 620 1163 liner
652 1095 769 1162 facilior
800 1098 868 1162 erat
898 1097 930 1161 in
964 1113 1111 1162 concursu

23 1205 175 1286 duplicis
197 1205 308 1270 litterae
330 1205 340 1269 i
363 1208 393 1268 et
415 1204 487 1268 inde
509 1203 636 1268 alterius
659 1201 794 1268 elisione.
837 1202 901 1283 [Sic
917 1202 976 1267 duo
991 1203 1110 1268 codices

22 1311 120 1392 apud
143 1309 376 1392 Schwarninm]
757 1299 758 1303 ’

138 1415 220 1481 ibid.
244 1417 300 1481 73:
336 1417 434 1497 Quis
466 1420 560 1482 tunc
593 1435 667 1481 non
697 1434 713 1479 e
742 1414 924 1493 vestigio
951 1433 1020 1480 suo
1042 1433 1109 1480 ex·

26 1522 185 1587 siluit?
223 1522 319 1602 Quis
341 1522 563 1589 exsiluisse
585 1523 740 1587 sensit?
777 1521 1110 1586 Scribendnmneces·

24 1629 118 1693 sario
140 1628 306 1712 geminatis
329 1628 447 1694 duabus
472 1627 605 1695 litteris:
629 1627 725 1707 Quis
747 1629 865 1710 <sc>
888 1626 1108 1692 exsiluisse

28 1734 196 1799 sensit?
239 1734 399 1818 Sequitur:
438 1735 566 1799 Multa
597 1734 766 1799 fecimus
798 1735 958 1816 sponte,
992 1733 1109 1816 plura

28 1840 245 1906 instinctu
279 1840 446 1922 quodam
479 1843 518 1907 et
549 1839 731 1922 imperio.
774 1838 863 1905 Nihil
885 1857 918 1905 se
939 1842 972 1905 et
993 1841 1109 1921 ceteros

26 1947 210 2012 deliberato
243 1947 369 2012 consilio
400 1947 508 2013 iecisse
540 1947 661 2011 Plinius
691 1946 856 2030 significat.
910 1945 1007 2012 Panlo
1038 1948 1109 2011 ante

30 2052 78 2117 sic
104 2051 200 2116 verba
219 2051 482 2136 interpungenda:
504 2053 641 2119 Testis
664 2053 752 2136 ipse
773 2070 822 2117 es.
854 2052 944 2132 Quae
964 2051 1003 2116 in
1026 2072 1105 2117 om·

30 2159 148 2222 nium
171 2176 236 2222 ore
258 2159 424 2225 laetitia!
469 2160 497 2224 N
509 2179 554 2226 on
576 2159 749 2225 amictus
772 2159 830 2223 eet.
881 2157 1028 2240 Alioquin
1051 2157 1107 2222 ad·

31 2265 176 2329 olendum
200 2266 282 2330 esset
303 2265 433 2331 fuerit
453 2267 524 2349 post
545 2265 706 2331 laetitia.

137 2371 217 2435 Ibid.
242 2373 301 2435 77:
324 2373 373 2436 Et
390 2390 483 2438 sane
506 2390 656 2454 aequum
678 2373 756 2447 est,
778 2371 933 2436 tantum
956 2369 1108 2436 ceteris

33 2478 234 2558 praestare
256 2478 496 2542 consulibus
517 2477 666 2560 ipsum,
690 2478 756 2559 qui
778 2477 966 2542 consules
988 2474 1107 2550 iacit;

31 2583 187 2665 quippe
220 2582 342 2649 etiam
375 2584 538 2650 fortuna
569 2583 788 2648 videbatur
816 2582 1043 2666 indignum,
1074 2583 1107 2646 si

35 2687 1108 2774 possethonorosdare,quigorerenonposset.Nullus

32 2798 82 2860 est
104 2794 257 2877 praeteriti
278 2795 425 2877 temporis
448 2796 661 2880 significationi
683 2796 784 2872 loeus;
806 2797 844 2861 ad
865 2795 1108 2862 condicionalem

33 2900 209 2965 orationem
231 2903 456 2967 accommodari
478 2920 537 2967 non
560 2904 664 2984 potest
685 2903 902 2968 videbatur
924 2921 978 2984 pro
1001 2903 1108 2968 vide·
1138 2941 1143 2954 ·

35 3009 169 3084 retur;
203 3008 396 3073 scribendum
430 3008 551 3074 sublato
585 3008 833 3092 frequentissimo
864 3010 895 3074 in
929 3011 986 3075 hoc
1014 3010 1107 3074 aerbo

33 3115 167 3179 mendo:
198 3115 343 3197 quippe
373 3115 496 3180 etiam
523 3116 686 3180 fortuna
707 3113 859 3181 videntur
879 3115 1107 3198 indignum,

35 3219 188 3305 sipessit
210 3222 380 3286 honores
403 3221 512 3300 dare,
534 3221 601 3306 qui
623 3238 761 3304 gerere
784 3239 857 3284 non
880 3221 989 3305 possit.
1013 3222 1054 3285 ut
1076 3223 1107 3285 in

36 3327 171 3408 possit
192 3326 314 3409 quidem
338 3329 466 3410 utroque
488 3327 554 3393 loco
573 3326 692 3392 codices
707 3326 864 3402 adiuvant,
881 3326 978 3390 altero
994 3327 1107 3408 plnres.

140 3443 219 3509 lbid.
242 3446 299 3508 82:
334 3444 458 3524 Simul
490 3446 641 3524 cogito,
672 3444 868 3510 cumsint
889 3445 969 3508 ista
991 3443 1110 3510 ludus

36 3549 76 3612 et
96 3554 401 3616 avocamentum
425 3553 542 3616 huius
564 3551 639 3616 ille
662 3553 766 3616 serie
788 3553 826 3616 et
847 3549 1008 3615 intente
1031 3553 1109 3616 eta

38 3655 184 3736 quibus
207 3674 247 3720 se
269 3657 307 3721 in
332 3659 414 3723 tale
437 3657 561 3722 otium
584 3657 736 3741 recipit
757 3657 993 3739 voluptates
1015 3658 1109 3721 sunt

39 3759 142 3825 enim
176 3762 431 3844 voluptates,
472 3764 616 3846 quibus
649 3765 799 3847 optime
835 3764 879 3828 de
915 3765 1109 3848 cuiusque

39 3868 264 3950 gravitate,
283 3870 527 3948 sanctitate,
550 3868 822 3952 temperantia
845 3869 1036 3935 creditur.
1060 3869 1109 3934 Sic

39 3972 168 4052 eodiees',
188 3975 246 4040 nisi
263 3976 343 4057 qued
360 3976 391 4040 in
408 3977 610 4042 deterioribus
631 3976 749 4040 huius
773 3975 928 4041 omittitur
943 3977 975 4042 et
990 3977 1108 4040 minora

881 4061 885 4069 ι

39 4079 181 4161 quaedam
210 4082 376 4148 variantur.
420 4082 586 4148 Manifesta
619 4085 665 4148 est
697 4082 816 4148 lacuna.
860 4083 906 4146 lix
939 4081 978 4146 iis
1007 4082 1110 4160 rebus'
