2740 4572
621 193 682 250 Lib.
700 192 736 248 Π.
756 195 820 262 Cap.
839 193 885 248 VI.

222 386 1313 476 ausumidqnodoocupatctdeindenobilitateetmors

213 502 287 578 (pro
309 494 520 579 inopinata
540 504 667 576 mors).
710 498 793 564 Hinc
815 497 961 563 efficitur:
984 498 1053 562 aut
1073 513 1215 562 ausum
1235 493 1304 566 id.
1352 515 1353 540 ¹

217 601 681 690 quodoconpavitnobilitnt,
697 605 892 680 rutmors,
909 603 942 667 si
964 602 1180 674 acciderit,
1199 601 1305 665 nnl-

214 696 295 773 lum
315 707 547 792 ignominiae
570 710 754 776 continet
776 727 935 775 sensum
956 708 1015 774 cet.
1070 708 1107 773 In
1128 705 1213 772 bello
1239 708 1308 770 ant

216 817 360 881 conatum
381 814 474 880 eliam
490 813 592 880 minus
607 816 724 882 iustum
739 815 868 912 victoria
882 813 1027 880 nobilitat
1041 814 1097 880 aut
1111 811 1304 899 ignominiae

216 938 341 986 sensum
362 939 445 986 mors
468 920 576 988 aufert

316 1082 384 1148 Lib.
406 1079 536 1162 XXVII,
560 1084 589 1161 6,
611 1087 630 1147 8
654 1086 697 1161 (in
721 1085 859 1150 oratione
880 1083 1123 1161 Valentiniani):
1147 1081 1303 1148 Grati·

215 1206 330 1254 enum
475 1190 514 1255 in
551 1198 763 1274 augustum
801 1208 957 1257 sumere
1000 1186 1301 1255 commilitium

215 1313 309 1377 paro
474 1295 642 1362 familiae
675 1316 751 1362 suae
784 1295 978 1362 laudibus
1010 1295 1295 1374 maiorumque

214 1401 338 1466 factis
374 1403 669 1482 praestantibus
713 1403 1010 1478 concinentem,
1047 1398 1294 1482 potioribus

215 1503 391 1584 (invidiae
430 1511 537 1574 metu
576 1507 743 1586 dicitur)
775 1507 963 1592 protinus
1005 1507 1290 1574 surrecturum

215 1612 273 1676 cet
318 1612 424 1696 Neque
458 1633 493 1679 ex
524 1609 671 1681 vocabulo
700 1615 935 1698 potioribus
965 1631 1064 1696 neque
1086 1631 1123 1676 en
1144 1610 1194 1690 iis,
1217 1629 1297 1694 quae

215 1717 390 1800 parenthesi
410 1718 618 1796 includuntur,
642 1720 797 1786 sententia
817 1719 884 1786 ulla
905 1719 1031 1785 extundi
1060 1719 1170 1802 potest.
1225 1715 1293 1780 Pro

215 1824 464 1907 potioribus,
487 1825 568 1908 quod
590 1825 733 1892 Valesius
763 1845 780 1890 e
808 1826 912 1892 codice
935 1823 1112 1892 Oolbertino
1142 1822 1291 1904 sumpsit,

215 1929 1290 2013 simulsuccretururnscribonemcodicchcribiturpancibus.

146 2039 150 2042 ’
214 2025 1287 2117 diliniturfacillimczsamiliaesuaelaudibusmaiorumque

214 2143 338 2208 lactis
353 2143 646 2226 prestantibus
665 2146 942 2211 concinentem
957 2140 1292 2229 (panoinsinvidie

214 2247 533 2328 maledicitur),
567 2249 754 2333 protinus
787 2250 1073 2316 surrecturum.
1110 2246 1287 2313 Modestius

195 2371 247 2418 se
279 2355 431 2422 maiorum
463 2355 544 2421 lacta
576 2356 702 2422 laudare
734 2357 857 2422 invidiae
886 2359 973 2422 metu
994 2353 1079 2420 dicit
1125 2353 1192 2432 (Ele,
1214 2370 1284 2435 qnae

213 2461 395 2544 sequuntur,
418 2479 510 2543 quam
534 2461 665 2527 ridicule
687 2463 720 2528 in
743 2461 964 2530 recentissimis
983 2459 1167 2526 editionibus
1184 2459 1288 2526 inter--

213 2566 375 2650 pungendo
397 2567 616 2649 discerpantur,
639 2569 741 2634 dicere
762 2569 872 2654 piget.)
902 2576 915 2646 )

314 2693 392 2760 lbid.
426 2694 455 2776 7,
489 2697 524 2761 9:
558 2695 682 2761 Nulla
714 2698 832 2762 uasat
863 2696 1000 2762 uectio
1032 2691 1281 2777 pravitatum

213 2798 319 2882 apud·
344 2815 426 2876 eos,
455 2800 539 2882 qui,
564 2801 665 2882 quod
693 2802 758 2868 uel
779 2801 902 2868 inoffi
923 2800 1114 2867 maximas
1136 2799 1285 2881 putent

213 2922 301 2970 csse
322 2905 510 2969 virtutes.
554 2905 606 2971 Sic
627 2906 664 2971 V.
709 2906 815 2991 Neque
837 2907 977 2973 mistio
999 2924 1098 2991 neque
1121 2904 1282 2988 quaestio

211 3010 399 3092 pravitatum
424 3015 505 3094 (quae
534 3011 716 3078 coniecturae
745 3018 818 3081 sunt
844 3013 968 3080 Geleoii
989 3016 1021 3079 et
1041 3011 1192 3084 Accersii,
1214 3008 1284 3075 bec.

212 3115 339 3199 quidem
361 3116 400 3181 ab
423 3117 591 3184 editoribus
613 3121 749 3202 recepta)
777 3122 832 3184 aut
860 3138 914 3201 per
944 3137 976 3186 se
1003 3117 1067 3184 ulla
1096 3119 1145 3184 est
1166 3117 1218 3182 aut
1239 3116 1278 3180 ad

265 3457 291 3524 *)
309 3458 340 3510 In
358 3457 420 3526 4,5
444 3459 528 3514 semel
552 3459 649 3514 saltem
675 3459 810 3528 indignari
838 3459 920 3514 liceat
948 3458 1040 3528 sperni
1068 3458 1102 3513 ab
1131 3453 1279 3512 editoribus

312 3551 487 3606 certissimam
511 3552 616 3608 Geleuii
644 3553 849 3620 correctionem,
877 3567 958 3622 quam
980 3551 1039 3622 ipse
1063 3550 1219 3606 coniectura
1234 3547 1272 3602 fe-

312 3658 415 3696 ceram:
452 3645 545 3700 cuius
578 3645 610 3699 in
641 3644 830 3701 summitate
867 3643 1073 3700 occidentali
1109 3641 1270 3696 montibus

309 3737 488 3804 praeruptis
517 3736 664 3792 densatae
693 3738 837 3804 (densita
863 3744 898 3792 et
924 3736 961 3805 V)
981 3737 1160 3791 Succorum
1183 3741 1270 3803 pete-

311 3833 408 3884 scunt
426 3830 596 3895 angustiae.
627 3831 769 3898 Angustiae
793 3830 945 3886 densantur
962 3829 1099 3885 montibus
1115 3828 1275 3897 praeruptis;

309 3909 414 3976 montes
437 3923 570 3989 praerupti
594 3921 764 3978 densitate
783 3924 833 3986 (sic
851 3925 923 3978 enim
941 3923 1040 3991 editur)
1062 3922 1133 3976 mira
1154 3923 1274 3975 monstra

310 4020 379 4069 eunt.
