2740 4572
296 241 359 304 244
663 240 724 296 Lib.
743 241 779 296 11.
799 240 865 310 Gap.
884 243 916 296 V.

256 437 305 515 iis,
338 436 391 519 qui
424 435 456 500 in
489 437 539 504 his
574 437 771 521 expediendis
801 437 1004 517 elaborarunt,
1029 437 1209 515 attendisse,
1231 457 1348 521 quam

258 543 376 609 incerto
392 548 423 609 et
437 544 549 609 vitioso
563 544 688 610 tibicine
704 544 893 609 coniecturas
909 542 1047 625 proxima
1061 546 1153 608 rerba
1172 542 1354 610 fulcirent,

242 648 372 716 ·Omues
395 652 476 716 enim
498 650 563 716 sino
585 649 650 714 ulla
675 648 870 714 dubitatione
899 649 1201 715 accusationem
1232 652 1346 715 sub·

254 755 339 820 isse
361 755 508 833 scribunt,
531 756 645 822 codicis
665 755 758 821 unius
779 755 957 838 interpolati
986 754 1171 820 auctoritate
1202 756 1344 828 confisi;

259 880 364 926 verum
396 879 494 944 neque
527 862 590 927 ullo
622 862 713 928 modo
745 861 811 927 reri
833 860 934 926 simile
957 861 1005 926 est
1026 859 1186 926 librarium
1210 862 1342 928 codicis

261 966 393 1034 Medicei
414 969 469 1032 aut
491 969 565 1044 eins,
588 985 678 1050 quem
696 966 745 1034 hic
760 965 911 1050 exprimit,
933 967 1032 1032 tribus
1045 966 1160 1033 litteris
1176 968 1242 1033 sine
1264 969 1355 1035 ulla

259 1074 367 1138 erroris
389 1092 481 1140 causa
504 1072 627 1140 omissis
652 1073 875 1139 nominativum
907 1091 943 1138 ex
972 1074 1147 1140 accusativo
1177 1074 1339 1152 effecisse,

259 1198 358 1263 neque
380 1181 519 1245 subire
541 1180 843 1246 decusationem
868 1179 979 1246 Latine
1001 1179 1034 1244 id
1058 1179 1220 1263 signifieat,
1245 1183 1342 1264 quod

258 1286 391 1370 intelligi
412 1276 529 1364 volunt,
552 1285 607 1350 sed
630 1304 753 1368 prorsus
774 1285 970 1353 contrarium.
1022 1285 1103 1351 Nam
1135 1287 1216 1352 mala
1246 1289 1341 1370 peri·

260 1392 390 1475 culaque
421 1393 453 1458 et
482 1392 633 1458 molestiae
663 1392 841 1470 subeuntur,
866 1392 903 1457 de
925 1392 1099 1459 actionibus
1121 1392 1356 1474 suscipiendis

259 1517 411 1583 nusquam
433 1497 492 1564 hoc
514 1500 639 1565 verbum
661 1499 796 1582 ponitur,
826 1516 925 1582 neque
955 1497 1056 1582 magis
1078 1498 1241 1582 quisquam
1266 1519 1340 1564 ac·

260 1607 515 1674 cusationem
544 1604 682 1670 subire
708 1604 745 1670 de
768 1623 804 1670 ea
825 1605 1013 1670 confidenter·
1034 1605 1228 1687 suscipienda
1252 1606 1340 1671 dixit

261 1731 353 1796 quam
376 1711 461 1777 vorbi
485 1730 578 1777 causa
599 1711 893 1786 defensionem,
924 1714 956 1777 st
984 1711 1245 1794 quemadmodum
1268 1714 1338 1778 iu-

260 1818 409 1884 dicium
432 1819 544 1883 subit
566 1816 642 1893 (Cic.
658 1816 769 1882 Partit.
785 1836 828 1883 or.
846 1816 929 1896 100),
952 1815 1006 1900 qui
1026 1835 1096 1882 reus
1117 1817 1164 1896 fit,
1188 1837 1258 1897 uon,
1283 1822 1357 1912 quip

260 1922 360 2000 iudex,
384 1923 429 1990 sic
450 1923 681 1990 accusationem
704 1923 796 2000 subit,
819 1924 872 2006 qui
894 1925 1064 2001 accusatur,
1084 1942 1155 2003 non,
1171 1925 1223 2008 qui
1240 1944 1337 1991 acen·

262 2031 319 2095 sat.
367 2031 479 2095 Amota
512 2029 610 2112 igitur
641 2030 720 2096 falsa
748 2029 851 2112 specie
879 2029 1023 2095 orationis
1054 2029 1279 2114 coniungendae
1311 2033 1337 2096 si

237 2203 240 2210 ,
262 2135 442 2202 redierimus
464 2137 504 2201 ad
526 2139 626 2202 totum
650 2134 806 2213 mendum,
829 2135 910 2219 quod
932 2134 1106 2202 continetur
1120 2135 1236 2201 litteris
1252 2138 1338 2202 inter

262 2246 405 2327 sponte
442 2245 474 2307 ct
510 2242 672 2308 subisse
708 2240 907 2324 interpositis,
942 2241 1204 2320 considerandum,
1240 2243 1358 2327 longe,

263 2348 348 2415 atiud
371 2350 498 2416 subesse
520 2349 719 2432 reperiemus,
751 2348 789 2413 ad
815 2351 915 2415 totam
938 2349 1122 2414 senentiam
1147 2351 1178 2414 et
1199 2348 1239 2413 ad
1263 2347 1358 2414 one-'

262 2456 390 2521 randam
412 2455 527 2540 Reguli
554 2454 716 2521 infamiam
745 2453 952 2537 aptissimum,
976 2455 1153 2538 emergente
1175 2455 1292 2521 indicio
1320 2475 1336 2519 e

264 2560 378 2627 litteris
401 2560 763 2641 exscn[aocu]satio.
813 2560 984 2643 Scripserat
1006 2562 1088 2627 enim
1111 2560 1251 2640 Tacitus,
1276 2562 1335 2626 nisi

263 2667 361 2747 fallor,
386 2665 425 2731 ad
440 2666 520 2734 banc
540 2667 688 2732 formam:
711 2668 872 2749 sponte,
888 2665 1050 2734 excusatis
1067 2665 1234 2749 <aliis>,
1251 2669 1336 2734 sub·

263 2773 348 2838 isse
383 2772 544 2837 iuvenis
581 2773 792 2839 admodum
966 2773 1191 2839 videbatur.
1256 2774 1335 2839 Cum

264 2878 370 2956 ceteri,
404 2895 480 2960 quos
511 2876 593 2943 Nero
627 2878 666 2943 ad
699 2879 835 2945 nobilem
866 2879 1018 2944 familiam
1040 2877 1237 2945 evertendam
1262 2880 1335 2944 snb·

264 3002 373 3049 ornare
402 2984 530 3048 conatus
563 2987 639 3063 erat,
679 2984 924 3052 excusationibus
959 2985 1009 3050 usi
1046 2985 1158 3063 essent,
1195 2985 1334 3069 Regulus

265 3088 370 3167 subiit,
386 3089 445 3155 hoe
459 3090 517 3168 est,
532 3088 655 3155 illorum
671 3090 736 3157 loco
753 3090 902 3175 successit
915 3109 1043 3175 seseque
1058 3089 1180 3156 obtulit.
1203 3090 1333 3156 Initium

265 3196 370 3263 mendi
402 3197 508 3262 utrum
539 3197 578 3262 ab
609 3197 706 3263 aliis
738 3201 809 3281 post
840 3197 938 3262 ·atis
971 3197 1085 3262 omisso
1114 3217 1153 3262 an
1181 3215 1200 3262 a
1229 3198 1333 3262 minus

264 3303 424 3370 intellecto
462 3303 495 3367 st
532 3301 678 3370 distracto
721 3303 939 3370 excusandi
975 3303 1067 3369 verbo
1104 3302 1332 3387 substitutoque

266 3545 499 3554 ————---—-

365 3698 451 3755 inisse
469 3713 565 3769 nuper,
592 3698 640 3768 qui
661 3697 774 3754 subesse
797 3704 909 3770 putaret
933 3704 1054 3769 sponte
1077 3713 1190 3754 senum
1214 3713 1329 3753 oonsu-

367 3791 487 3846 larinm
506 3791 771 3859 accusationem,
790 3791 943 3848 litterarum
961 3808 1000 3847 ex
1013 3791 1114 3847 oblitus
1127 3807 1178 3847 nec
1193 3791 1330 3846 declarare

368 3898 459 3954 operse
478 3883 597 3953 pretium
615 3889 702 3953 ratus,
721 3901 774 3954 quo
794 3885 904 3941 errandi
921 3900 1023 3954 genere
1042 3900 1129 3955 quove
1145 3889 1271 3939 notarum
1285 3895 1329 3938 usn

368 3976 499 4045 deceptus
526 3975 656 4031 librerius
684 3994 781 4034 senes
808 3979 1004 4034 consulares
1035 3978 1064 4034 iu
1090 3981 1230 4032 senatur
1258 3989 1327 4032 eon·

369 4068 492 4126 sultam
511 4075 678 4125 commutare
699 4071 827 4140 potuerit.
