2712 4576
288 214 346 276 m
653 213 905 283 mmmm

243 411 487 490 accumberetur)
510 431 578 478 cum
602 413 674 496 toga
698 410 784 494 pulla
804 413 904 476 risum
928 430 995 477 esse
1024 411 1173 477 concedit.
1212 409 1325 492 Scrip-

243 517 311 582 tum
335 514 429 580 sarissa
452 516 589 581 videtur:
614 517 756 597 Quem.
772 563 781 582 .
796 517 982 583 videras?
1003 516 1226 600 (Videras)
1249 517 1326 581 do-

245 622 392 687 minum
413 668 578 686 ......
601 626 694 688 ante
717 622 956 688 convivium.
980 623 1167 700 (violentam
1189 621 1346 704 delendi,

246 729 429 795 medicinam
443 728 591 796 adhibere
606 748 666 794 non
682 728 872 807 debueram.)
897 729 1049 795 Similiter
1062 730 1125 794 iam
1140 729 1325 796 Gereanus

345 846 425 916 lbid.
447 846 506 912 39:
535 848 570 913 si
600 867 639 913 es
669 848 803 914 odium
833 848 1037 932 poblicum
1065 845 1223 932 populi,
1254 864 1346 942 seg

245 957 378 1033 natus,
423 954 703 1022 universorum
747 954 950 1020 hominum
994 955 1346 1030 rusticanorum,

245 1058 340 1141 quid
372 1061 434 1126 est
466 1063 549 1126 cet?
591 1060 680 1126 Nihil
713 1059 795 1138 erat,
840 1079 895 1124 cur
930 1061 1050 1144 proprie
1088 1059 1346 1125 rusticanis*

245 1165 314 1231 odio
336 1168 418 1232 esset
438 1165 590 1232 Vatinius.
641 1167 746 1233 Cicero
777 1167 844 1232 sine
867 1167 969 1247 dubio,
991 1171 1027 1236 ut
1048 1186 1154 1233 omnes
1175 1168 1243 1232 siue
1268 1185 1321 1232 ex·

245 1273 385 1356 ceptione
407 1271 686 1355 comprehenderet,
716 1275 897 1358 scripserat:
931 1275 1213 1340 universorum
1246 1273 1321 1340 bo·

246 1378 405 1456 minum,
419 1381 736 1459 rusticanorum,
752 1379 1044 1464 <urbanorum>.
1061 1379 1196 1448 Librarii
1208 1379 1321 1446 oculus

246 1504 264 1549 a
296 1485 405 1568 prioris
437 1486 580 1553 vocabuli
613 1487 831 1553 terminatione
861 1494 1062 1564 (anorum)
1095 1487 1250 1551 aberravit
1280 1490 1346 1584 adl

246 1593 383 1658 alterius.
1345 1595 1346 1620 .

331 1783 571 1850 Procubuit
604 1783 656 1863 (de
689 1783 854 1862 Catilium:
890 1782 1025 1866 Neque
1057 1801 1241 1865 umquam
1278 1805 1320 1852 ex

246 1888 321 1954 illo
354 1888 518 1954 delendi
553 1890 672 1956 huius
704 1890 868 1986 imperii
900 1891 978 1956 tam
1009 1889 1319 1980 consceleratus

246 1994 421 2084 impetus
458 1996 711 2077 exstitisset,
755 1997 834 2062 nisi
870 1998 933 2061 tot
967 1995 1162 2062 vitiorum
1200 1997 1319 2064 tanta

246 2101 479 2168 immanitas
509 2102 748 2185 quibusdam
777 2102 1007 2170 facilitatis
1035 2104 1074 2168 et
1102 2104 1317 2188 patientiae

246 2206 456 2275 radicibus
477 2211 688 2276 niteretur.
733 2207 885 2276 Vitiorum
908 2206 1134 2276 immanitatem
1151 2211 1317 2279 obscurare

248 2318 280 2380 et
301 2333 496 2397 compensare
518 2335 577 2380 non
601 2316 793 2399 nescioquas
822 2314 1011 2394 facilitas
1040 2315 1177 2396 poterat;
1211 2317 1316 2387 facul·

247 2422 327 2490 tatis
359 2422 398 2488 ad
431 2423 583 2506 agendum
617 2423 768 2506 prompta
796 2425 827 2487 et
853 2420 1010 2504 patientiae
1039 2422 1156 2490 radices
1177 2425 1316 2508 require·

247 2529 359 2594 bantur
380 2527 641 2606 (facillitatis
663 2529 769 2607 P¹).*)

348 2652 425 2717 lbid.
449 2653 503 2716 72:
536 2652 588 2716 iis
611 2656 743 2720 autem
764 2654 966 2720 amicitiis
988 2655 1179 2727 maiorum
1201 2662 1315 2734 natu,

248 2776 411 2841 quorum
449 2757 622 2824 imitari·
649 2758 896 2826 industriam
939 2763 1314 2852 continentiamque

246 2863 412 2929 maxime
434 2863 546 2928 velit.
579 2864 626 2930 De
650 2864 717 2950 ipso
740 2864 830 2932 Caelio
852 2885 913 2934 nou
935 2868 1041 2933 uelit
1062 2867 1225 2934 dicendum
1240 2876 1313 2943 erat,

247 2967 301 3040 sed
334 2968 487 3035 debeat.
542 2969 577 3034 Io
613 2970 769 3038 codicibus
801 2963 947 3039 scribitur
976 2972 1122 3040 velitis
1152 2974 1191 3051 (P
1208 2977 1313 3052 ,velit

247 3075 303 3153 is),
326 3075 561 3159 rectissimeque,
581 3075 783 3160 significatur,
806 3097 881 3163 quos
896 3079 1013 3146 indicos
1028 3080 1154 3146 (laelium
1169 3079 1311 3150 iuvenem

249 3201 284 3246 ao
306 3198 391 3263 paenc
414 3180 642 3248 adolescentem
663 3182 780 3250 imitari
801 3185 908 3252 velint.
958 3187 1019 3252 Sed
1037 3186 1078 3252 ad
1099 3205 1169 3252 eam
1189 3191 1312 3256 senten·

247 3288 324 3354 tiam
346 3288 529 3371 explendam
550 3291 722 3356 necessario
744 3290 918 3359 addendum
944 3311 1123 3375 pronomen,
1138 3293 1222 3377 quod
1236 3315 1310 3381 prae·

247 3395 384 3461 cedentis
408 3394 536 3480 syllabae
557 3396 727 3465 similitudo
746 3397 864 3466 haurit:
887 3416 1049 3481 quorum
1065 3400 1308 3484 <eum>imi·

247 3502 321 3567 tari
343 3501 588 3568 iudustriam
612 3548 620 3567 .
643 3549 650 3566 .
672 3504 840 3570 maxime
862 3503 1074 3582 velitis.**)

300 3769 327 3834 *l
345 3768 361 3839 ἕ
381 3753 415 3824 10
432 3769 585 3839 videndum,
604 3788 638 3828 ue
657 3773 751 3828 Cicero
772 3774 914 3844 scripserit
936 3761 1059 3828 mecum
1083 3780 1238 3843 praetore,
1259 3788 1305 3832 uon

346 3879 468 3918 mecum
486 3870 629 3933 praetore
647 3873 707 3932 m'e,
732 3865 820 3921 altero
839 3866 998 3936 pronomine
1016 3882 1130 3936 prorsus
1149 3867 1303 3922 abundante

283 3955 327 4024 **)
346 3955 387 4010 De
406 3972 482 4024 pror.
502 3973 575 4011 cons.
595 3957 629 4014 87
649 3959 737 4013 oratio
756 3959 797 4014 sic
814 3959 1032 4029 interpungenda
1051 3967 1078 4015 et
1096 3960 1238 4016 scribenda
1258 3965 1302 4014 est:

350 4047 466 4104 Fuerit
483 4054 554 4104 toto
572 4050 605 4103 in
625 4051 803 4106 consulatu
827 4052 899 4107 siue
923 4053 1110 4121 provincia,
1137 4054 1192 4107 cui
1218 4047 1303 4105 iuerat
