2712 4576
430 298 569 354 Ciceronis
588 301 735 356 orationes.
1013 305 1071 368 117

58 492 170 573 spicuus
191 496 443 564 manifestissime
465 498 626 580 exponitur
647 499 839 584 paragrapho
861 502 1000 585 aequanti
1022 502 1060 569 de
1074 504 1113 571 Α.

57 595 188 666 Valentio
210 604 242 668 et
263 601 482 685 Liparensibus
504 608 536 670 et
557 605 668 671 deinde
691 605 798 672 multis
820 607 905 674 locis.
938 607 999 688 Qui
1021 609 1113 676 tan·

56 706 207 773 tundam
237 710 436 794 scripserunt,
466 710 636 777 debuerant
665 713 759 778 simul
787 713 889 779 iubis
912 714 1112 799 verbisque

56 813 297 897 prescripsimus,
331 823 528 902 quantum
563 817 705 898 scribere,
739 838 799 885 non
832 821 988 905 quanti,
1018 825 1054 886 ut
1080 822 1113 887 iu

56 935 144 986 errore
167 921 228 988 sibi
250 927 436 998 constarent,

143 1061 221 1128 lbid.
244 1066 302 1130 85:
339 1066 481 1150 Itaque
512 1067 577 1150 qui
606 1067 669 1131 tot
697 1066 814 1133 annis
843 1067 999 1152 agellos
1019 1087 1111 1135 suos

55 1169 86 1230 te
112 1171 280 1252 praetore
309 1173 508 1238 redimere
537 1192 556 1237 a
584 1172 734 1258 piratis
761 1173 965 1249 solebant,
988 1173 1111 1240 iidem

53 1292 85 1338 se
106 1277 213 1358 ipsos
236 1279 305 1344 abs
328 1282 366 1343 te
389 1279 522 1362 pretio
545 1279 737 1362 imposito
758 1278 1024 1347 redemerunt.
1048 1282 1111 1348 De·

54 1385 279 1451 monstrativum
314 1385 376 1450 tot
408 1404 516 1469 neque,
540 1405 600 1469 quo
622 1385 780 1462 referatur,
810 1385 904 1452 babet
926 1405 981 1454 noc
1003 1391 1110 1470 aptum

54 1490 94 1551 cst
126 1491 163 1555 ad
199 1491 296 1556 trium
332 1509 482 1558 annorum
518 1491 664 1574 spatium.
722 1490 923 1558 Scribonium
961 1495 1008 1558 est
1044 1494 1111 1576 qui

53 1597 224 1676 quotannis.
289 1599 402 1664 Annua
437 1599 537 1682 pactio
575 1616 644 1663 cum
684 1597 793 1679 piratis
829 1599 911 1664 facta
949 1600 1109 1684 aptissime

53 1700 240 1783 significatur.

140 1845 219 1912 Ibid.
252 1846 312 1908 118
342 1845 441 1911 oratio
472 1845 518 1911 sic
550 1845 795 1930 interpungenda
827 1850 890 1912 est:
923 1847 1109 1913 Nummos

53 1949 165 2018 debat
187 1955 334 2018 arator.
379 1950 579 2032 Quomodo
608 1955 676 2016 aut
704 1952 829 2018 unde?
876 1952 1005 2032 Quiri
1027 1954 1109 2020 lar-

53 2057 236 2137 gissimus
260 2077 346 2125 esse
367 2059 513 2133 vellet,
537 2058 1109 2125 cumulatioremensnrante-

52 2167 169 2244 retur,
205 2169 251 2230 ut
286 2167 405 2232 autea
433 2211 566 2228 .....
597 2166 806 2239 venibant,
834 2165 876 2230 is
913 2183 1107 2230 nummum

53 2268 191 2340 labat..
215 2273 347 2338 Unde?

142 2425 222 2491 lbicl.
248 2428 323 2488 134:
357 2427 398 2491 tu
420 2426 655 2507 Apronium,
686 2425 881 2489 bominem
910 2423 975 2489 vix
1002 2421 1108 2488 libe·

53 2547 139 2606 rum,
162 2533 483 2598 contaminatum
507 2577 714 2609 ........
736 2530 882 2596 eumin
904 2531 1017 2595 tauto
1040 2530 1108 2594 tuo

53 2635 239 2704 dedecore
275 2640 457 2722 prolecto
494 2658 538 2704 nc
575 2639 693 2704 verbo
730 2637 887 2721 quidem
920 2636 1108 2722 graviore

52 2745 318 2825 appellasses,
340 2764 466 2828 neque
501 2745 603 2828 apud
635 2747 674 2811 te
696 2744 937 2826 tamsanota
959 2743 1108 2827 religio

53 2851 262 2918 societatis
284 2851 453 2928 fuisset,
475 2855 517 2917 ut
539 2896 651 2928 .....
673 2850 754 2916 nisi
775 2870 855 2916 rem
876 2854 954 2915 tarn
976 2854 1108 2916 notam

53 2972 129 3022 esse
155 2958 341 3024 omuibus
364 2963 402 3024 et
423 2961 501 3024 tam
524 2958 784 3023 manifestam
807 2957 977 3022 rideres.
1010 2955 1107 3021 Mani-

54 3060 153 3129 lestum
176 3064 225 3130 est
246 3065 304 3132 boc
326 3065 397 3144 dici,
422 3065 555 3141 Verrem,
579 3064 640 3132 nisi
662 3084 726 3131 rem
749 3063 892 3130 omnibus
910 3064 1016 3128 nomm
1040 3081 1107 3127 esse

54 3166 170 3248 rideret,
201 3172 337 3252 prolecto
367 3191 431 3238 snae
466 3170 698 3236 existimationis
723 3169 939 3236 conservandae
962 3188 1055 3234 causa
1075 3169 1107 3235 in

55 3275 215 3355 Apronium
246 3276 541 3355 animaduersurum,
574 3277 687 3344 saltem
719 3275 855 3361 graviter
883 3293 953 3340 cum
976 3275 1108 3357 increpi-

55 3385 145 3446 turum
167 3383 272 3449 luisse.
322 3384 428 3467 Atqui,
451 3387 486 3448 ut
508 3403 588 3450 nunc
609 3384 762 3461 scribitur,
791 3382 896 3463 aperte
921 3380 1106 3447 contrarium

55 3483 164 3566 dicitur,
187 3489 314 3556 Verrem
336 3509 374 3556 ue
395 3489 481 3574 gravi
504 3489 628 3574 quidem
650 3491 742 3556 verbo
761 3487 986 3572 appellaturum
1002 3474 1108 3554 luisse.

56 3587 148 3660 Cicero
170 3595 353 3678 scripserat:
377 3597 561 3680 proiecto
577 3599 784 3681 <uon>ne
805 3597 927 3661 verbo
949 3593 1106 3677 quidem

56 3702 228 3776 grauiore
250 3702 507 3786 appellasses
523 3704 594 3780 (boc
609 3714 671 3772 est:
695 3703 830 3787 profecto
844 3721 904 3768 nou
918 3711 983 3766 tam
997 3699 1108 3765 leniter

56 3804 218 3886 tractasses,
240 3815 274 3874 ut
295 3828 333 3876 ne
355 3811 447 3878 verbo
470 3811 593 3894 quidem
616 3812 754 3893 gravim
775 3809 1108 3893 appellares),neque
1229 3870 1231 3876 ,

55 3914 143 3991 apud
167 3917 204 3980 te
227 3920 306 3982 tam
328 3917 469 3983 sancta
489 3915 640 3998 religio
660 3915 867 3980 societatis
882 3911 1107 3979 fuissetoet.

56 4013 112 4084 Non
133 4021 291 4090 intellecta
312 4023 456 4088 orationis
477 4021 584 4094 forma,
604 4017 636 4082 in
652 4038 721 4104 qua,
738 4019 818 4103 quod
833 4019 972 4102 negando
987 4014 1109 4082 tollitur

58 4123 151 4210 (uon),
173 4130 276 4211 ipsum
297 4131 438 4212 negative
461 4127 585 4192 effertur
600 4124 713 4207 (ne-
726 4124 909 4206 quidem),
931 4120 1113 4212 principalis
