2712 4576
427 244 566 301 Ciceronis
585 246 717 316 epistulae.
1008 245 1064 307 157

135 439 218 504 lbid.
241 441 278 518 V,
300 443 322 503 4
344 443 433 508 erin:
468 443 529 507 sin
558 443 654 508 mihi
683 462 809 527 neque
839 443 1107 528 magistratus

35 564 165 628 neque
187 547 372 641 sonetum
394 567 521 632 neque
537 547 1108 633 populumauxiliaripropter

33 671 114 716 eam
138 652 235 732 vim,
254 673 335 736 ques
356 673 413 720 me
435 674 518 722 eum
541 675 581 721 re
602 656 769 738 publice
790 657 911 732 uicit,
927 654 1107 732 licuerit,

34 757 144 835 ride,
179 777 242 836 ne,
276 778 359 825 cum
390 761 496 828 uelis
526 761 715 828 reuocare
744 764 900 845 tempus
936 761 1108 827 omnium

34 865 345 942 servandorum,
378 885 462 932 cum
495 868 561 951 qui
594 871 780 934 serretur
809 887 882 933 non
913 867 1008 945 erit,
1034 885 1108 932 non

35 971 182 1049 possis.
238 971 307 1038 Non
340 991 431 1055 posse
467 975 602 1040 reuoceri
634 975 757 1056 tempus
788 974 950 1041 hominum
982 991 1106 1038 seruan-

35 1075 158 1156 dorum,
189 1097 261 1142 cum
291 1080 344 1162 qui
373 1082 511 1146 seruetur
538 1098 627 1146 nemo
656 1081 706 1157 sit,
729 1082 806 1147 adeo
828 1082 877 1148 est
898 1079 1106 1156 manifestum,

36 1185 69 1246 ut
92 1203 168 1248 cnm
189 1184 398 1252 admonitione
427 1185 459 1251 id
489 1186 589 1252 dicere
612 1187 743 1252 stultum
767 1188 817 1253 sit.
866 1187 962 1252 Pravo
991 1203 1045 1268 pro
1074 1185 1107 1250 si

38 1289 221 1356 uolueris
245 1291 356 1358 dicitur
377 1311 461 1358 cum
483 1292 603 1371 uelis,
627 1296 772 1377 totusque
794 1293 930 1360 ambitus
948 1292 1109 1358 verborum

38 1397 116 1461 mire
150 1396 304 1463 claudicat
335 1399 538 1482 superpositis
570 1399 688 1465 duabus
718 1399 880 1467 sententiis
910 1418 928 1464 a
957 1417 1041 1463 cum
1061 1398 1108 1462 in·

37 1501 233 1584 cipiantibus.
283 1505 413 1570 Rectum
443 1507 503 1571 erit
529 1506 794 1572 adsentantium:
827 1504 937 1583 uide,
959 1522 1004 1570 ne
1026 1506 1108 1569 turn

39 1609 144 1674 velis
171 1629 364 1678 reuocare
393 1613 550 1694 tempus
580 1631 606 1677 o.
638 1632 679 1691 s,
709 1632 793 1678 oum
824 1612 891 1696 qui
920 1610 1109 1677 servetur

40 1735 112 1780 non
146 1717 241 1796 erit,
276 1718 331 1783 hoc
363 1719 420 1797 est,
453 1717 534 1795 vide,
568 1737 605 1782 ne
636 1720 777 1786 omuibus
806 1718 869 1784 iem
898 1718 1010 1784 deletis
1042 1734 1110 1782 sera

39 1821 144 1889 futura
165 1824 208 1889 sit
228 1823 371 1890 seruandi
399 1825 552 1890 uoluntas.
597 1826 657 1910 Sed
686 1829 825 1908 superest
854 1843 927 1890 non
956 1824 1108 1907 possis,

40 1929 122 2010 quod
144 1949 243 2010 nemo,
266 1931 293 1994 si
315 1931 361 1996 sic
382 1931 529 2013 scriptum
554 1930 672 2010 fuisset,
696 1931 856 1998 additurus
881 1933 955 1997 erat.
1000 1932 1110 2014 Itaque
1221 1959 1223 1964 ·

42 2035 147 2102 Cicero
170 2036 215 2102 sic
235 2038 375 2118 scripsit:
402 2037 506 2116 uide,
529 2055 575 2103 ne
597 2038 665 2104 turn
687 2039 983 2116 salientes,
1007 2056 1108 2113 cum,
1161 2035 1162 2040 ’
1244 2039 1246 2044 ’

42 2143 201 2230 <quia>
224 2143 291 2227 qui
313 2146 500 2209 servetur
521 2163 596 2210 non
618 2145 713 2223 erit,
736 2163 810 2209 non
832 2143 977 2227 possis.
1010 2143 1111 2220 Quam

43 2247 133 2316 facile
154 2250 290 2316 excidere
312 2250 405 2334 qnia
427 2250 571 2333 potuerit,
594 2252 689 2334 petet.
697 2249 729 2328 *l

142 2373 222 2439 Ibid.
241 2375 288 2453 15,
304 2374 339 2438 2:
361 2374 504 2440 Tecum
527 2375 663 2440 uiuere
683 2391 841 2456 possem
862 2371 1050 2454 equidem
1072 2372 1111 2436 et

45 2480 210 2545 maxime
232 2480 379 2545 vellem
401 2524 557 2544 .......
580 2479 851 2546 Possumusne
869 2478 1001 2562 igitur
1023 2495 1112 2544 esse

46 2589 141 2650 une?
185 2587 263 2651 Mire
286 2586 391 2651 Cicero
413 2587 567 2671 significat
588 2605 622 2651 se
643 2605 713 2652 cum
736 2585 867 2664 Lucceio
883 2584 986 2651 uiuere
1005 2602 1112 2668 posse;

46 2693 165 2773 poterat
187 2692 269 2757 enim
294 2712 379 2776 aeque
402 2712 471 2758 cum
495 2693 565 2758 eliis
586 2692 743 2776 plurimis;
759 2710 944 2776 prorsusque
962 2689 1112 2757 evertitur

47 2800 198 2864 sententia
219 2818 264 2877 eo,
287 2801 368 2882 qnod
391 2800 568 2865 subiicitur:
591 2799 860 2865 Possumusne
883 2798 1111 2883 igiturest?

48 2903 177 2988 Scripsit
198 2903 318 2972 Cicero:
341 2907 484 2973 Tecum
505 2907 658 2984 uivere,
676 2905 786 2987 <si>
808 2924 982 2988 possem,
999 2904 1113 2988 equi·

48 3009 130 3077 dem
151 3013 318 3078 maxime
341 3012 497 3078 vellem.
547 3010 608 3076 Sed
628 3010 695 3076 fieri
717 3029 805 3095 posse
828 3015 929 3096 neget.

147 3119 224 3184 lbid.
245 3119 299 3198 Vl,
324 3121 354 3197 4,
376 3117 410 3183 2:
439 3117 545 3182 illud
569 3118 700 3182 cuivis
721 3117 847 3183 facile
870 3121 931 3182 est
954 3117 1112 3193 dooere,

50 3225 334 3308 curpraeoipue
355 3226 399 3290 tu
421 3224 557 3290 dolore
578 3222 684 3288 nihil
706 3222 870 3300 debeas;
894 3221 1112 3297 cierentur,

50 3331 113 3411 qui
134 3331 292 3397 tardior
312 3329 351 3394 in
374 3334 411 3396 te
433 3330 605 3397 leuando
625 3331 722 3408 fuit,
755 3347 867 3412 quam
890 3327 974 3392 fore
995 3329 1112 3410 puta-

52 3453 192 3516 remus,
226 3456 302 3503 non
336 3438 398 3502 est
430 3436 529 3502 mihi
559 3437 680 3503 dubia
709 3434 754 3500 de
776 3438 843 3500 tua
865 3434 1001 3500 salute
1021 3451 1112 3499 xseu·

102 3704 126 3775 *)
145 3704 225 3773 Quod
243 3708 269 3776 6,
287 3707 303 3761 1
322 3725 372 3778 pro
390 3706 551 3778 prudenti
577 3705 749 3763 scribendum
777 3707 948 3762 conieceram
972 3705 1114 3777 pudenti

148 3799 221 3866 (nam
248 3801 376 3869 prudenti
406 3800 567 3856 Ciceronem
593 3799 684 3869 potius
718 3799 885 3854 crediturum
914 3799 1000 3856 fuisse
1033 3815 1115 3868 quam

147 3893 324 3971 imprudenti)
345 3900 372 3950 et
389 3895 415 3962 8,
438 3893 455 3948 3
473 3893 667 3948 inciderunt
684 3909 734 3963 pro
753 3893 1013 3962 interciderunt,
1040 3889 1115 3960 quod

147 3986 231 4058 longe
250 3987 327 4042 aliud
345 3987 482 4056 significat
501 3985 583 4041 etiam
603 3985 632 4040 in
651 3985 758 4041 duobus
776 3986 846 4041 locis
858 3987 932 4056 apud
945 3985 1115 4040 Schellerum

148 4097 203 4137 non
220 4087 296 4138 recte
314 4079 422 4152 positis,
440 4086 584 4146 utrumque
602 4077 714 4151 pridem·
726 4085 890 4150 occupatum
909 4079 996 4135 rideo.
