2728 4582
445 155 448 164 ¹
523 187 526 194 Δ
625 150 629 178 l

484 267 695 324 Demosthenes.
1041 267 1080 328 41

57 477 131 536 τοῖς
164 456 257 552 οὖσι,
289 459 438 550 μάλιστα
474 466 508 532 δὲ
540 462 660 553 τούτῳ.
716 464 786 529 Non
819 464 909 530 huic
939 463 1019 548 legi,
1055 483 1124 546 quae

55 569 192 650 proxime
212 574 451 636 commemorata
481 575 537 645 ent,
568 572 719 638 contrarie
740 569 874 634 martimo
898 571 966 635 eret
987 589 1033 644 ea,
1057 589 1124 653 qnae

55 677 223 752 accusatur,
256 675 315 741 hoe
347 678 404 761 est,
437 677 505 759 ipsa
537 677 598 742 sibi
618 677 672 759 (-
694 694 765 741 nam
799 675 867 757 ipsa
898 675 955 741 illa
988 695 1123 742 nomme-

56 781 176 846 morata
210 783 277 846 erat
298 789 361 860 -l,
391 781 445 846 sed
485 802 556 848 num
588 784 731 848 universa
760 781 909 860 omnibns¹
933 801 1000 864 qnae
1023 784 1123 848 exsta·

55 887 139 963 bant,
174 888 295 970 legibus
328 890 481 953 contrarie
513 890 590 962 erat,
623 889 690 953 tum
724 886 855 951 maxime
889 888 956 962 hoc,
997 888 1034 954 de
1064 907 1125 971 qne

56 990 174 1057 dietum
201 995 277 1070 erat,
300 994 366 1059 eius
388 996 490 1076 eaput.
535 994 691 1075 Scriptum
710 992 807 1076 igitur
827 993 942 1058 fuerat:
975 989 1122 1078 μάλιστα

55 1099 89 1163 δὲ
111 1098 257 1178 τοῦτο,
281 1103 374 1182 atque
396 1099 476 1164 inter
498 1120 531 1166 εο
555 1099 729 1164 referuntur
750 1101 817 1164 tota
838 1099 889 1164 lex
911 1100 942 1164 et
957 1119 1027 1181 pers
1044 1101 1121 1167 eius.

158 1238 327 1305 leirene:
351 1236 432 1323 ᾤετο
443 1238 508 1327 γοίρ
520 1241 591 1306 δεῖν
613 1234 675 1305 σόν
690 1263 728 1324 γε
742 1233 783 1303 σοί
800 1234 919 1324 αἰσχροί
937 1247 1125 1329 ἕρναέργα-

54 1341 202 1429 ζόμενου
235 1343 284 1430 μή
320 1341 341 1411 δ
374 1343 530 1430 ίφείλεκο
563 1341 674 1432 μόνον
704 1339 877 1411 αἷκιοδόντα
902 1339 1121 1435 α’πηλλιίχδαι

52 1455 190 1529 (πολλοὶ
221 1451 284 1540 γοίρ
308 1448 353 1518 σίν
375 1449 466 1540 αυίῷ
490 1448 630 1520 ἐδόκουν
652 1449 740 1520 οὗτοι
763 1447 794 1539 y'
817 1457 847 1518 οἱ
875 1457 1014 1520 κλίνεται
1051 1462 1123 1522 ἔσε-

56 1568 157 1636 οδαι,
182 1565 213 1625 εἰ
245 1563 403 1646 μέλλοιεν
425 1555 595 1634 λαθόντες
625 1565 690 1644 μίν
712 1566 809 1636 ἕξειν,
832 1556 882 1644 μή
906 1557 1074 1634 λαθόντες
1096 1555 1126 1627 δ’

54 1662 143 1734 αὐτοί
167 1661 278 1750 μόνον
302 1663 515 1751 καταθήσειν
529 1662 553 1732 ὀί
567 1661 761 1751 ὑφείλοντο)
785 1691 813 1730 κ.
829 1691 858 1732 τ.
875 1669 903 1733 ί..
938 1667 1121 1734 Tollendum

54 1774 228 1841 necessario
262 1771 314 1852 ἄν,
348 1775 430 1858 quod
463 1791 561 1856 neque
595 1792 664 1838 eum
694 1765 835 1838 ἐδόκουν
857 1773 1000 1858 coniungi
1022 1775 1126 1856 potest
1173 1825 1175 1832 ,

55 1863 109 1956 i-
130 1900 231 1964 neque
264 1881 347 1972 enim
379 1880 436 1946 hoe
467 1880 547 1964 legis
581 1878 699 1944 auctori
725 1879 825 1944 visum
848 1881 938 1949 esset.
962 1880 1017 1944 εεδ
1039 1880 1124 1946 vitle-

55 1990 147 2052 batnr
168 1996 231 2064 —),
255 2005 352 2069 neque
375 2006 445 2052 enm
469 1993 617 2052 ἔσεσθαι.
663 1984 908 2066 [elaeonem]

162 2145 243 2210 lbid.
268 2143 343 2205 201:
372 2143 481 2209 καίτοι
504 2141 596 2218 ὅστις
617 2147 749 2230 μέλλων
773 2136 1042 2228 κληρονομήσειν
1064 2145 1125 2227 σῆς

54 2245 217 2334 α’νιμίας,Ι
242 2243 286 2316 σίν
317 2245 444 2325 ἐκεῖνός
473 2277 505 2316 τι
536 2247 650 2340 πείθῃ,
681 2243 731 2335 μή
754 2253 859 2314 οίεται
891 2248 962 2314 δεῖν
985 2255 1125 2322 ἐκτῖσαι,

53 2351 141 2422 ailla*
166 2358 368 2441 κερδαίνειν,
390 2354 432 2423 ὃν
455 2365 581 2432 ἐκεῖνος
608 2360 649 2448 ζῇ
676 2350 812 2444 χρόνον,
843 2349 932 2431 α’ξιοῑ
959 2355 1061 2420 τουτο
1085 2352 1124 2420 τό

56 2465 185 2559 κέρδος,
208 2466 302 2538 τίνος
324 2461 369 2530 οἳν
391 2459 478 2549 είμῑν
500 2459 712 2550 οἷποσχέοδαι
732 2463 824 2529 δοκεῖ
832 2489 843 2540 3
877 2463 1018 2534 Lucrum,
1043 2461 1124 2544 qued

55 2572 249 2638 Timocrates
281 2572 413 2654 turpiter
445 2589 505 2635 non
539 2573 665 2653 spernit,
699 2570 833 2654 positum
862 2571 909 2633 est
936 2567 968 2631 in
991 2587 1026 2633 en
1047 2568 1124 2650 ipso,

55 2678 146 2759 qnod,
161 2677 318 2758 quamdin
340 2679 427 2761 pater
439 2679 531 2753 vivat,
555 2697 613 2742 non
635 2679 781 2752 exsolvat,
797 2676 878 2759 qnod
892 2675 920 2738 is
935 2674 979 2740 rei
993 2673 1125 2759 publicae

57 2784 183 2861 debeat3
213 2781 320 2865 itaque
346 2784 405 2849 hoe
432 2784 554 2864 tempus
582 2783 659 2848 lueri
687 2784 770 2862 facit,
800 2782 969 2866 κερδαίνει
998 2783 1123 2848 τοῦτον

57 2883 119 2955 τόν
140 2881 273 2974 χρόνον,
296 2909 356 2954 non
378 2908 432 2972 per
453 2890 511 2956 hoe
537 2890 660 2971 tempus
682 2890 767 2954 alind
797 2891 917 2955 luerum
940 2890 1050 2970 quaerit
1071 2891 1126 2954 ant

56 2996 160 3061 habet.
218 2994 316 3061 Valde
349 3015 462 3071 vereor,
496 3015 535 3061 ne
567 2997 659 3060 verba
687 2997 788 3062 ιοδεο
819 2994 857 3062 τό
882 2994 996 3078 κέρδος
1018 2994 1123 3060 addita

56 3101 120 3166 sint
151 3102 190 3165 ab
223 3101 339 3183 aliquo,
371 3104 423 3185 qui
452 3102 637 3168 sententiam
666 3106 826 3169 verborum
852 3102 1053 3186 κερδαίνειν,
1084 3096 1125 3165 δν

57 3214 184 3280 ἐκεῖνος
206 3209 246 3297 ζῇ
267 3202 388 3295 χρόνον
410 3228 468 3273 nnn
493 3209 687 3274 intellexerit.

161 3331 241 3396 ibid.
255 3332 333 3395 209:
358 3331 573 3412 (Timocrates)
582 3325 832 3416 νόμονκέδεικε
843 3331 1007 3416 φανερῶς,
1018 3327 1055 3404 ὃς
1066 3324 1127 3396 οὐκ

58 3435 236 3526 ἀνοίγνυσι
264 3432 303 3504 νδ
333 3434 578 3524 δεσμωτήριον,
602 3433 687 3504 nilla*
712 3444 884 3522 καθαιρεῖ,
907 3438 1125 3523 προσπεριεί-

59 3552 143 3632 ληφε
167 3546 201 3612 δὲ
224 3548 280 3612 καί
303 3543 346 3611 κοί
371 3540 578 3633 δικαστήρια.
603 3546 655 3618 τίς
676 3542 740 3632 γιίρ
763 3539 932 3632 ἢεοείαων
947 3538 970 3628 ἢ
988 3545 1125 3612 ἐκείνων

59 3655 163 3741 χρεία,
186 3649 273 3718 ὅταν
289 3649 338 3726 οἷς
353 3654 531 3739 τετίμηται
548 3653 676 3738 δεσμοῦ
692 3644 850 3729 λύωνται,
867 3647 931 3718 κείν
946 3647 984 3718 τό
1002 3647 1125 3719 locale

59 3755 223 3846 τιμήσητέ
251 3785 309 3847 τῳ,
337 3761 447 3845 μηδὲν
469 3753 555 3846 είμῑν
577 3753 600 3849 ᾖ
623 3763 745 3839 πλέους
787 3759 967 3830 Necessario
989 3762 1122 3828 seriben-

61 3868 148 3932 dum:
181 3867 233 3939 τίς
255 3861 319 3953 γείρ
343 3862 365 3952 ἢ
388 3862 519 3934 τούτων
542 3868 622 3947 lenia
645 3868 881 3954 δικαστηρίων)
903 3862 927 3952 ἢ
950 3869 1125 3934 ἐκείνου
1192 3873 1195 3878 ’

61 3973 133 4051 (τοῦ
156 3973 402 4059 δεσμωτηρίου)
425 3975 540 4060 χρείας
586 3975 780 4042 Pronominis
809 3995 953 4042 numerus
981 3977 1020 4040 ab
1043 3975 1122 4041 osei-

60 4083 144 4146 tante
166 4077 292 4151 librario
314 4081 563 4148 accommodatus
586 4085 635 4146 est
656 4083 695 4147 ad
718 4075 858 4150 τούτων.
