2728 4582
526 210 684 266 Athenaeus.
1058 211 1096 272 55

84 412 152 475 time
179 427 212 472 ex
243 427 290 486 oo,
324 405 404 491 qnod
438 407 486 472 est
519 401 635 484 λεπάς,
670 405 778 472 fiotum
813 406 888 472 alibi
924 426 985 472 non
1020 407 1140 473 videtur

84 517 214 600 reperiri).

170 676 204 739 P.
216 674 275 736 138
289 692 322 737 e:
338 665 642 758 Πολὲμιιινδέντῳ
656 665 748 756 παρά
762 671 957 753 Ξενοφῶντι
975 665 1137 758 κανάθρῳ

80 783 136 847 τοὺ
154 772 245 864 παρά
271 772 409 845 Λάκωσι
440 780 652 863 καλουμένου
674 779 817 844 δείπνου
839 777 979 850 κοπίδος
999 803 1138 863 μνημο-

77 882 214 953 νεάοντα
238 888 413 968 Κρατῖνον
436 891 472 951 ἐν
494 879 666 958 Πλούτοις
689 887 797 971 λέγειν
819 909 846 950 κ.
870 909 900 948 τ.
924 887 952 950 λ.
1007 885 1076 950 Non
1101 891 1136 950 ἐν

78 997 117 1081 τῷ
140 985 301 1078 κανάθρῳ
323 992 379 1057 boo
401 993 519 1058 dixerat
540 991 675 1071 Polemo,
708 991 763 1056 sed
796 996 832 1057 ἐν
865 991 910 1076 τῳ
943 993 1040 1074 περί
1063 993 1138 1057 τοι]

79 1097 163 1185 παρά
196 1097 393 1183 Ξενοφῶντι
432 1092 673 1182 κανάθρσυ,
711 1098 769 1162 hoo
801 1099 857 1176 est
894 1098 926 1160 in
960 1097 1065 1162 libello
1098 1096 1136 1160 de

75 1209 214 1276 oanathro
242 1205 472 1289 Xenophonteo,
505 1204 764 1288 quemadmodum
791 1203 838 1268 Ill
866 1221 896 1284 p.
919 1205 959 1267 85
981 1205 997 1268 s
1023 1204 1137 1269 eitatnr

77 1315 224 1388 Καλλίας
248 1320 285 1379 ἐν
307 1313 351 1398 τῳ
373 1313 451 1396 περί
474 1313 535 1396 τῆς
556 1305 636 1394 παρ’
658 1304 806 1398 Ἀλκαίῳ
830 1305 978 1384 λεπάδος
1000 1313 1031 1376 el
1052 1310 1083 1375 X
1103 1328 1134 1393 p.

77 1424 131 1484 451
153 1422 172 1486 d
198 1413 433 1492 Ἀπολλώνιος
454 1413 473 1484 ὅ
494 1413 629 1491 Ῥόδιος
652 1423 689 1482 ἐν
710 1417 754 1504 τῳ
778 1417 856 1500 περὶ
884 1409 1082 1503 Ἀρχιλόχου
1104 1417 1136 1480 el

74 1527 145 1592 alibi
160 1517 285 1592 Polemo
301 1533 337 1590 ἐν
352 1541 425 1600 τοῖς
437 1529 514 1611 περί
527 1517 744 1609 άκροπάλεως
759 1524 865 1588 utalia
881 1523 1006 1589 similia.
1041 1523 1134 1588 Pleue

75 1633 182 1700 dicitur
199 1633 259 1706 lIl,
281 1632 321 1698 85
338 1650 371 1697 e:
393 1625 645 1717 Ἀριστοφάνης
660 1635 698 1696 ἐν
712 1631 757 1717 τῷ
773 1632 851 1715 περὶ
868 1632 928 1715 τῆς
943 1624 1134 1716 άχνυμίνης

79 1735 235 1825 σκυτάλης
257 1734 510 1827 συγγράμματι.
559 1738 673 1803 Oculus
701 1738 819 1802 librarii
841 1738 994 1803 aberravit
1015 1756 1034 1802 a
1056 1738 1135 1821 περί

77 1847 113 1910 ad
133 1843 234 1931 παρά.
279 1848 345 1928 [Sie
365 1848 429 1911 iem
452 1845 660 1912 casaubonus,
706 1844 809 1927 Longe
839 1844 930 1908 aliter
956 1844 1068 1910 dieitur
1098 1853 1135 1910 ἐν

77 1955 115 2040 τῇ
145 1946 417 2038 Ἐρατοσθένους
444 1953 616 2036 ἐπιδημίᾳ,
651 1969 718 2033 qnae
746 1952 813 2032 ipsa
845 1950 1004 2032 inscriptio
1033 1953 1081 2016 est
1102 1953 1132 2016 iu

78 2057 162 2124 breve
180 2064 362 2145 eontracta]

169 2224 202 2286 P.
220 2225 279 2286 141
296 2243 313 2287 a
329 2225 372 2298 (in
389 2223 488 2288 verbis
505 2221 667 2298 Nicoclis):
692 2227 759 2286 dou
778 2220 811 2285 dt
830 2219 870 2285 τά
887 2223 952 2302 μὲν
968 2212 1132 2302 κάμματα

76 2325 205 2405 ψαιστά,
238 2335 272 2394 αί
307 2330 339 2394 δὲ
372 2329 585 2414 καμματίδες
621 2325 674 2401 αἷς
712 2320 877 2393 κάπτουσι
915 2324 956 2392 τά
995 2321 1132 2406 ψαιστά.

76 2431 160 2498 Poliis
181 2436 293 2500 laureis
316 2456 374 2501 non
400 2436 613 2520 deglutiebant
635 2436 747 2511 orosto,
770 2434 824 2498 sed
846 2434 1025 2516 operiebant
1046 2437 1132 2508 (σκί-

76 2563 167 2607 πουσι
191 2544 361 2627 Hesychius
382 2541 478 2608 habet
501 2560 526 2605 1.
550 2535 714 2625 κάμματα
746 2541 855 2606 eodem
885 2538 1019 2605 Niooolis
1040 2540 1132 2605 testi·
1195 2583 1198 2589 .

75 2649 166 2711 monio
198 2651 315 2727 utens);
348 2649 543 2714 scribendum
577 2649 673 2731 igitur
704 2644 758 2721 αίς
788 2646 1060 2714 καλύπτουσι
1089 2640 1129 2711 τά

76 2746 246 2833 ψαιστά.*)

164 2919 198 2985 Ρ,
218 2920 277 2981 146
299 2917 398 2985 lhaeo
420 2919 577 3002 leguntur:
602 2912 779 2994 Φιλόξενος
802 2910 831 2984 δ’
852 2912 871 2985 ὁ
893 2913 1074 3005 Κυθήριος
1093 2924 1130 2983 ἐν

73 3025 113 3109 τῳ
134 3030 390 3112 ἐπιγραφομένῳ
410 3025 558 3112 Δείπνῳ,
583 3028 680 3110 εἴπερ
702 3017 828 3091 τοάτου
850 3026 905 3091 καί
921 3018 1129 3116 δικωμῳδιο-

75 3125 161 3204 ποιάς
197 3126 347 3198 Πλάτων
383 3137 420 3198 ἐν
454 3132 499 3219 τῳ
537 3127 649 3199 Φάωνι
681 3124 855 3217 ἐμνήσθη,
893 3132 947 3196 καί
984 3127 1034 3216 μη
1068 3135 1128 3199 του

74 3233 258 3304 Λευκαδίου
284 3240 475 3316 Φιλοξένου,
505 3232 669 3325 τοιαάτην
701 3239 873 3305 ἐκτίθεται
908 3234 1129 3324 παρασκευήν

76 3341 214 3411 δείπνου.
259 3344 336 3410 Cum
359 3345 519 3410 Philoxeni
541 3345 677 3430 Cytherii
700 3345 877 3412 testimonio
899 3365 935 3410 ex
951 3352 1035 3411 oerto
1050 3347 1127 3412 libro

71 3451 122 3536 boi
142 3453 291 3536 Δείπνῳ)
314 3450 493 3533 deprompto
527 3450 604 3516 nihil
637 3453 759 3518 omnino
793 3452 946 3518 ooninnoti
968 3451 1062 3517 habet
1083 3471 1127 3525 ea,

76 3572 135 3636 quae
148 3558 319 3635 subiicitur,
334 3556 498 3631 dubitatio,
514 3561 619 3623 utrum
631 3560 712 3624 huno
723 3558 927 3625 Philoxenum
939 3577 976 3622 an
993 3558 1127 3624 alterum

74 3659 152 3729 Plato
169 3663 303 3729 oomious
318 3663 530 3740 nominaverit,
554 3664 737 3748 omninoque
752 3663 818 3731 haec
833 3665 943 3730 fabulae
960 3665 1126 3732 Platonicae

75 3771 177 3835 mentio
205 3789 329 3854 prorsus
357 3769 510 3837 inutiliter
543 3772 575 3836 et
606 3790 746 3853 perverso
778 3771 991 3854 interponitur.
1046 3772 1127 3836 lllud

119 4036 143 4104 *j
160 4039 189 4096 Ρ.
207 4039 261 4094 145
277 4037 291 4094 f
307 4057 360 4097 scr.
378 4031 412 4096 οὗ
430 4039 468 4111 δὴ
489 4040 539 4104 εἰς
557 4035 711 4104 ἅπαντας
728 4057 778 4108 pro
798 4033 832 4096 οίι
851 4043 921 4096 [δεῖν
940 4037 1060 4094 ἅπαντα.
