2740 4572
284 241 344 306 m
649 239 904 313 mmmm

343 439 423 505 lbid.
456 439 512 504 lte
546 440 586 504 at
615 439 836 523 Vologeses
866 439 913 506 ad
941 437 1167 506 Corbulone
1197 437 1362 508 missi}

242 547 394 625 nuntii,
427 546 666 611 detraheret
701 546 880 612 castella
912 549 972 611 eet.
1030 545 1076 610 blx
1108 545 1164 610 hae
1197 545 1362 611 codicis*

243 651 374 718 lledioei
397 654 549 736 scriptura
578 649 714 717 eflicitur
740 669 863 717 verum:
896 650 937 718 ab
967 650 1126 736 Vologese
1147 651 1195 716 ad
1220 637 1362 716 Cor-w

242 759 427 826 bulonem
462 758 577 824 missi
609 756 753 823 nuntii.
802 758 973 824 Genetivns
1004 757 1257 842 (Vologesis)
1299 758 1362 822 et*

245 865 310 930 loeo
334 866 366 930 et
386 863 540 930 sententia
561 864 685 946 ineptus
708 867 764 929 est.
1071 875 1075 882 ·

343 1005 419 1070 lbid.
432 1007 489 1069 40:
514 1005 688 1071 Necdum
712 1005 740 1088 p'
763 1007 894 1070 metus
916 1009 983 1071 aut
1005 1004 1191 1070 rediebat
1214 1003 1345 1069 lebis

245 1116 349 1192 (supra
371 1109 392 1176 b
414 1110 527 1196 scripto
549 1119 582 1189 u)
599 1158 606 1173 .
623 1158 630 1174 .
647 1157 654 1173 .
672 1111 820 1194 (spatium
838 1112 931 1177 trium
955 1111 1144 1196 litterarum)
1165 1128 1341 1174 rursum

244 1216 458 1298 grassatus
493 1219 602 1301 ignis
633 1217 792 1300 patulis
824 1220 952 1302 magis
985 1217 1097 1282 urbis
1128 1214 1235 1281 locis
1261 1221 1362 1281 cet.¹

244 1321 363 1386 Omitto
385 1322 525 1388 refellere
548 1323 736 1389 coniecturas
758 1343 776 1388 a
800 1324 939 1388 codicum
968 1322 1109 1406 vestigiis
1142 1322 1239 1405 longe
1274 1341 1338 1387 re-

244 1428 387 1494 cedentes
425 1448 480 1495 neo
518 1429 646 1494 orationi
684 1434 716 1494 et
751 1429 912 1494 sententia
948 1429 1038 1512 plane
1076 1428 1362 1520 satisfacientem

244 1534 394 1600 Veritatis
415 1533 608 1600 invenienda
630 1535 744 1601 indicia
766 1535 963 1601 continentur
988 1534 1122 1617 primum
1153 1534 1334 1616 particulis
1361 1537 1362 1568 ³

246 1641 474 1705 necdum..
503 1647 586 1717 aut,
620 1645 686 1706 tum
720 1641 833 1706 litteris
866 1640 981 1727 lebis¹
1010 1642 1042 1706 et
1074 1641 1173 1722 spatio
1205 1658 1328 1704 vacuo.

245 1745 448 1811 scribendum
485 1747 626 1812 videtur:
670 1746 846 1813 Necdum
890 1745 1038 1834 demptus
1080 1748 1210 1810 metus
1247 1749 1362 1810 auto

245 1850 395 1918 redierat
415 1852 502 1938 plebi
522 1870 611 1938 spes3
633 1872 791 1919 rursum
815 1855 989 1937 grassatur
1010 1852 1120 1936 ignis
1143 1857 1203 1916 cet.
1254 1853 1334 1916 lni-

244 1957 326 2022 tium
342 1958 568 2023 mordinatum
584 1962 632 2024 est
650 1979 686 2023 ex
707 1959 822 2024 litteris
845 1961 930 2024 dnm
955 1965 987 2024 et
1008 1958 1095 2024 dem
1116 1959 1328 2023 continuatis.

346 2109 426 2175 lbid.
470 2109 528 2175 43:
575 2109 651 2176 iam
698 2129 799 2195 aqua
843 2111 1094 2194 privatorum
1138 2109 1329 2176 licentia

246 2216 481 2299 intercepta
502 2235 576 2299 quo
597 2215 754 2301 largior
783 2219 822 2282 et
845 2217 1034 2299 pluribus
1057 2218 1158 2282 loeis
1180 2217 1221 2281 in
1245 2237 1327 2299 pu·

141 2386 145 2392 .
246 2323 395 2389 blieum
435 2321 604 2399 flueret,
641 2324 848 2398 custodes,
892 2325 931 2386 et
967 2317 1162 2397 subsidia,
1190 2321 1326 2404 repri·
1361 2381 1362 2400 ,

248 2428 403 2493 mendis
433 2427 598 2512 ignibus
632 2429 671 2493 in
705 2429 920 2511 propatulo
943 2428 1114 2513 quisque
1136 2429 1328 2494 baberet.
1361 2423 1362 2454 f

249 2535 349 2626 Nimis
386 2534 462 2599 dure
499 2534 705 2616 interponitur
737 2553 773 2600 ao
806 2553 893 2616 paene
930 2534 1072 2600 obiicitur
1107 2534 1326 2600 nominativus

248 2641 438 2706 custodes
468 2641 500 2704 in
531 2659 608 2706 novo
636 2640 783 2707 instituto
814 2642 948 2707 notando
974 2646 1024 2717 (-
1051 2659 1121 2706 nam
1143 2643 1175 2704 in
1198 2642 1323 2706 deseri-
1361 2689 1362 2698 ,

249 2746 348 2811 beudo
370 2765 472 2810 rerum
490 2748 575 2811 statu
590 2746 754 2813 admodum
771 2748 905 2812 breviter
920 2746 1143 2812 nominativum
1159 2747 1322 2812 interdurn

248 2852 385 2917 aVaoito
409 2851 479 2930 poni
503 2870 563 2915 non
586 2870 654 2917 sum
678 2852 795 2918 oblitus
820 2859 880 2930 -),
905 2853 1072 2936 presertim
1093 2851 1240 2919 adiuncto
1263 2853 1323 2919 illo

248 2960 287 3022 et
308 2956 493 3021 subsidia
598 2959 767 3042 quisque
788 2957 966 3023 haberet.
990 2959 1112 3035 Vereor,
1136 2961 1320 3027 neTaoitus
1361 2987 1362 3000 ¹

171 3060 175 3064 ’
248 3063 422 3144 scripserit:
445 3064 853 3156 custodes<essent>,
869 3066 908 3130 et
928 3064 1114 3130 subsidia
1131 3071 1190 3131 eet.
1214 3067 1324 3133 Facile
1361 3071 1362 3162 l

248 3170 372 3253 quidem
396 3170 521 3235 verbum
544 3171 680 3236 excidere
702 3171 874 3252 poterat.*)

348 3508 486 3581 hominurn
506 3505 703 3563 obversabatur
721 3508 853 3563 memoria
871 3524 925 3562 non
944 3506 1066 3574 cladis,
1090 3507 1138 3561 sed
1156 3508 1243 3577 pacis,
1263 3526 1317 3577 qua
1361 3491 1362 3536 1

349 3600 441 3654 clades
459 3600 546 3656 vitata
565 3606 632 3654 erat.

302 3693 328 3760 *)
346 3693 426 3748 Initio
445 3693 549 3762 capitis,
570 3694 698 3761 quoniam
716 3711 788 3748 nune
806 3701 914 3749 constat
932 3695 960 3747 in
979 3693 1073 3748 codice
1091 3693 1163 3748 Med.
1184 3695 1314 3763 scripturn
1361 3721 1362 3736 κ

350 3800 411 3839 esse
440 3785 562 3853 domui,
591 3802 623 3842 eo
651 3788 737 3854 magis
757 3803 850 3842 eorum
869 3788 1007 3841 sententia
1025 3785 1165 3854 sequenda
1183 3794 1251 3854 erat,
1269 3787 1313 3854 qui
1361 3805 1362 3858 f

308 3937 313 3946 ¹
350 3877 473 3932 videraut
493 3879 619 3933 Tacitum
638 3880 737 3935 acerbe
756 3887 941 3950 campartem
958 3880 1034 3934 urbis
1053 3878 1216 3948 significare,
1235 3895 1315 3947 quam

349 3972 480 4026 immenso
508 3973 598 4039 spatio
627 3979 761 4042 occupato
794 3973 891 4026 domus
921 3973 1038 4027 Neronis
1068 3971 1237 4040 reliquisset,
1265 3989 1319 4027 nec·

350 4062 496 4132 quidquam
514 4065 545 4116 in
562 4064 653 4117 verbis
671 4065 838 4120 mutandum.
