2712 4576
434 239 572 296 Ciceronis
591 241 722 311 epistolae.
1011 241 1069 306 159

50 437 180 516 uasti,
202 441 244 504 ut
266 437 346 504 tibi
368 419 586 517 irascerer,
620 438 722 522 quod
744 459 880 522 parum
903 439 1001 505 mihi
1023 459 1110 506 con·

49 544 158 607 stans
190 549 228 610 et
263 545 428 610 nimium
461 544 632 626 cupidus
669 546 891 612 decedendi
926 546 1110 613 viderere

48 649 86 712 ob
117 667 285 733 eamque
318 670 475 717 oausam
509 670 565 716 me
599 652 849 718 arbitrarere
869 652 1041 720 litteras
1062 654 1108 720 ad

47 759 79 819 te
106 757 183 821 iam
217 757 283 822 diu
314 776 386 822 non
415 759 602 824 misisse?
651 759 730 824 Mire
752 759 906 824 sententia
927 761 1110 826 conturbata

48 864 98 926 est.
149 864 308 943 Quomodo
343 865 427 929 enim
458 865 594 931 Trebatii
625 865 726 947 opinio
760 865 1037 943 (arbitrarere)
1071 867 1109 932 de

47 986 132 1033 causa
161 969 361 1052 epistolarum
395 991 412 1036 a
443 970 601 1058 Cicerone
622 991 680 1037 non
712 973 878 1038 missarum
912 991 982 1037 cum
1016 990 1108 1038 causa

45 1073 201 1140 iniustitia
235 1079 267 1141 et
299 1078 350 1142 irae
381 1076 537 1144 Ciceronis
566 1079 777 1158 (viderere)
807 1077 952 1163 coniungi
981 1078 1107 1161 potest?

46 1178 154 1247 Omnia
178 1187 265 1249 recta
292 1184 383 1248 erunt
411 1182 557 1251 detractis
585 1185 703 1251 duabus
734 1185 860 1264 litteris,
889 1204 957 1269 qnae
985 1188 1109 1268 propter

45 1290 213 1367 precedens
237 1291 363 1356 verbum
384 1290 612 1356 alteri.addilae
635 1293 724 1357 sant:
759 1291 921 1358 Adeone
953 1311 1010 1356 me
1044 1291 1109 1357 in-

45 1395 192 1462 iustum
222 1415 309 1462 esse
338 1392 609 1476 existimasti,
639 1399 682 1463 ut
705 1443 712 1458 .
736 1443 743 1459 .
768 1443 774 1458 .
799 1443 806 1459 .
830 1397 1032 1474 viderere,
1062 1400 1108 1463 ob

45 1519 203 1586 eamque
232 1522 392 1570 causam
421 1522 477 1569 me
507 1502 673 1570 arbitrare
703 1502 873 1569 litteras
902 1503 948 1569 ad
970 1507 1009 1571 te
1031 1505 1106 1570 iarn

45 1607 105 1674 diu
129 1629 202 1676 non
225 1609 413 1675 misisse?

140 1716 217 1782 inid.
240 1717 291 1794 33,
314 1715 348 1778 2:
371 1733 603 1799 quamquam
625 1715 783 1792 venies,
806 1718 849 1782 ut
870 1716 957 1799 ipse
980 1717 1108 1782 intel-

44 1821 155 1906 ligis,
188 1823 228 1886 in
257 1822 513 1888 maximorum
542 1821 657 1905 quasi
679 1840 915 1889 concursum
939 1842 1108 1908 occupe-

43 1928 210 2008 tionum,
233 1948 331 2011 quas
354 1929 405 2006 si,
427 1929 469 1993 ut
491 1929 690 2008 volumus,
714 1930 1006 2014 exceperimus,
1037 1948 1107 2013 ego

44 2053 131 2098 vero
166 2037 331 2100 multam
365 2035 540 2100 sulutem
575 2037 614 2101 et
646 2035 730 2101 foro
760 2035 887 2101 dicam
917 2040 955 2100 et
985 2034 1106 2100 curiae

44 2117 249 2225 vivamque
278 2145 407 2206 tecum
437 2141 604 2207 multum
634 2145 692 2208 cet.
747 2141 829 2221 Quid
851 2142 893 2206 sit
922 2142 1107 2223 excipere

46 2248 349 2330 occupationes,
372 2245 484 2331 quidve
517 2266 553 2314 ea
584 2249 731 2333 exceptio,
760 2247 788 2313 si
816 2265 877 2332 qua
897 2244 973 2330 fingi
994 2246 1106 2327 potest,

44 2353 197 2433 pertineat
225 2355 264 2419 ad
294 2354 389 2420 libere
412 2372 483 2419 cum
504 2355 613 2421 amicis
634 2353 808 2432 avendum,
832 2353 944 2418 nescio.
994 2349 1107 2416 Contra

44 2459 175 2526 multum
197 2459 236 2526 ad
257 2479 326 2527 eam
348 2481 411 2526 rem
435 2460 571 2544 pertinet
592 2461 843 2543 occupationibus
858 2477 925 2526 sese
940 2458 1103 2523 exsoluere.

44 2565 213 2648 scripserat
245 2566 366 2633 Cicero:
399 2584 495 2651 quos
535 2565 569 2632 si
609 2613 646 2629 ..
687 2565 932 2653 expedierimus.
998 2561 1106 2645 (Paulo

42 2675 110 2752 post
136 2691 192 2755 pro
222 2692 319 2755 opus
349 2677 411 2740 ost
439 2673 512 2739 huc
540 2676 643 2739 utrum
665 2673 862 2739 scribendum
883 2673 924 2737 sit
946 2690 972 2737 ο.
997 2688 1023 2735 e.
1046 2668 1105 2749 liic,

43 2778 120 2860 quod
141 2777 174 2844 in
196 2781 324 2861 antiqua
345 2779 448 2864 aliqua
469 2779 603 2844 editione
624 2798 691 2845 esse
713 2779 811 2858 video,
839 2797 878 2844 an
900 2777 1004 2861 potius
1028 2795 1054 2842 o.
1078 2795 1104 2840 e.

42 2882 156 2962 adhuc,
191 2886 338 2971 ambigo.)
396 2887 558 2970 Sequitur:
598 2888 639 2950 tu
678 2884 823 2950 vellem
864 2904 908 2950 ne
948 2883 1105 2950 veritus

43 3009 166 3069 esses,
205 3010 250 3056 ne
288 2994 475 3077 pluribus
511 2993 688 3078 legerem
725 2993 816 3057 tuas
850 2992 1036 3062 litteras,
1072 2990 1105 3053 si

43 3097 165 3188 inihi.
186 3144 192 3159 .
216 3099 425 3186 longiores
448 3100 553 3165 forte
576 3097 761 3164 misisses
778 3100 834 3162 cet.
868 3096 1016 3163 Mendum
1038 3113 1105 3161 esse

43 3202 70 3266 in
92 3202 282 3286 pluribus
304 3228 322 3274 o
344 3207 452 3272 multis
474 3205 668 3270 intellectum
694 3204 758 3283 est;
781 3222 879 3286 neque
901 3202 983 3270 enim
1004 3202 1104 3286 longi-

43 3309 111 3376 tudo
135 3311 335 3394 epistolarum
359 3309 455 3377 ullam
477 3310 589 3376 habere
611 3329 735 3376 cansam
757 3310 879 3392 poterat
899 3306 1038 3390 pluribus
1054 3324 1105 3371 eas

42 3414 169 3499 legendi.
217 3415 332 3498 opinor
353 3415 447 3482 luisse
469 3434 513 3482 ue
535 3415 671 3503 pigrius.

135 3533 406 3614 lnid.v111‚4,4:
427 3532 495 3600 sed
517 3553 600 3600 cum
623 3535 791 3600 sena-tus
813 3531 1104 3598 habitusesset

42 3639 83 3704 ad
104 3638 317 3721 Apollinis
339 3659 365 3705 e.
389 3640 418 3704 d.
434 3639 497 3705 Xl.
513 3640 590 3707 Cal.
615 3641 730 3720 Sext,
752 3641 791 3704 et
811 3640 1039 3705 referretur
1060 3638 1104 3703 de

43 3745 244 3829 stipendio
266 3745 327 3811 Cn.
350 3747 549 3831 Pompeii,
578 3748 729 3813 mentio
757 3746 866 3812 lacte
895 3749 957 3810 est
978 3745 1023 3810 de
1045 3744 1102 3808 le-

42 3849 153 3932 gione
180 3870 239 3931 eu,
270 3871 382 3936 quam
411 3872 621 3934 expensam
644 3852 745 3919 tulit
766 3851 798 3919 C.
821 3850 968 3918 Caesari
990 3850 1104 3915 Pom·

42 3957 167 4037 peius,
190 3977 264 4042 quo
286 3976 448 4025 numero
473 3961 598 4038 essct,
621 3958 749 4041 quood
770 3960 988 4042 peteretur.
1011 3953 1101 4019 Cum

42 4061 248 4148 Pompeius
283 4082 371 4129 esse
403 4063 627 4144 mitellis,
669 4069 833 4132 coactus
872 4067 934 4129 est
967 4060 1102 4125 dicere
