2728 4582
371 293 374 300 .
473 223 638 332 'Euripidis
656 217 731 318 mis
1065 270 1100 332 19

83 450 254 536 Λογίμονς
277 453 438 536 Euripides
460 456 606 524 Herodoti
626 460 766 544 exemplo
781 462 868 543 dixit,
885 464 937 546 qui
952 463 1145 548 frequentius

84 551 245 646 ἐλλόγιμοι
269 559 421 626 dicuntur.

223 701 284 762 655
307 720 372 785 sq:

174 855 181 872 .
205 855 213 871 .
235 856 243 873 .
265 807 328 891 τῆς
352 801 381 872 δ”
403 801 606 894 Ἀθηναίων
627 808 758 898 χθονός

174 909 239 990 ἄξω
263 909 398 998 θεατήν
420 915 543 999 δῆθεν,
566 913 611 991 οἷς
632 913 694 986 οαίι
717 915 788 986 ’ὅντ’
810 917 905 1008 ἐμόν.

81 1020 184 1100 Aptius
222 1021 373 1086 scribatur
407 1019 542 1107 θεατήν
575 1025 705 1109 δῆθεν,
747 1021 821 1115 οὐχ
855 1025 906 1103 αἷς
941 1023 1012 1096 ὅντ’
1045 1026 1142 1115 ἐμόν,

80 1127 275 1205 spectatorem
297 1129 425 1205 scilicet,
448 1148 508 1194 non
531 1133 689 1215 tamquam
712 1135 823 1200 lilium.

221 1267 281 1330 692
303 1287 364 1350 sq.:

89 1455 91 1462 y
172 1380 234 1458 ἔχει
259 1369 358 1452 δόλον
380 1369 486 1461 τύχαν
510 1370 546 1440 θ’
569 1372 588 1442 o‘
611 1393 693 1452 παῖς

170 1477 280 1545 ἄλαλον
302 1486 442 1567 τραφεὶς
464 1490 496 1558 ἐξ
518 1477 684 1568 αἱμάτων.

67 1599 191 1693 vl'o'poo
220 1629 327 1691 parum
350 1613 432 1676 recte
463 1631 532 1676 cum
561 1608 664 1681 δόλον
686 1616 830 1701 coniungi
852 1618 949 1683 sensit
969 1619 1139 1699 Neoclius,

77 1713 126 1778 sed
152 1717 233 1798 quod
263 1711 378 1800 δόμων
410 1714 516 1804 τύχαν
549 1723 682 1806 scripsit,
718 1743 774 1788 non
806 1725 913 1808 agitur
934 1726 1078 1792 hocloco
1101 1727 1139 1792 de

77 1826 214 1904 occupata
246 1823 381 1900 fortuna,
415 1826 470 1890 sed
503 1828 540 1892 de
574 1829 645 1894 dolo
679 1830 764 1911 pueri
786 1831 946 1913 suppositi.
996 1833 1141 1915 Suspicor

76 1928 216 2010 scriptum
238 1928 332 1994 fuisse
355 1923 457 1996 δόλον
480 1930 648 2000 πλοκάν
672 1931 707 2002 θ’
730 1931 749 2002 o‘
772 1951 862 2010 ταῖς.

220 2071 299 2134 1099
322 2091 407 2156 sqq:

168 2176 315 2243 δείκνυσι
337 2175 402 2265 γαρ
426 2174 445 2246 o‘
467 2177 549 2254 Διός
571 2189 606 2248 ἐκ

170 2285 302 2350 παίδων
324 2279 591 2372 α’μνήμοοῦναν,

169 2385 209 2456 ον’
232 2389 351 2457 κοιναὶν
373 2399 494 2460 τεκέων
516 2390 621 2482 τύχαν

169 2502 287 2565 οἴκοισι
312 2493 480 2584 φυτεύσας

170 2605 343 2692 δεσποίνᾳ.
403 2601 404 2604 “

79 2731 140 2798 Nou
161 2738 310 2802 memoria
332 2738 361 2802 in
384 2737 490 2803 Xutho
513 2737 715 2816 desideratur,
741 2737 795 2802 sed
810 2737 939 2821 aequitas
956 2738 987 2802 et
1001 2737 1138 2816 iustitia;

78 2857 181 2916 vereor,
204 2862 243 2907 ne
265 2843 413 2927 seriptum
436 2843 531 2909 fuerit
553 2836 887 2929 α’γνωμοσύναν.

171 2983 250 3047 1288
265 3002 310 3066 sq.
348 2983 518 3066 Postquam
540 2985 595 3050 lon
617 2992 659 3062 (v.
678 2985 771 3064 1286)
788 2986 934 3049 Creusam
953 2982 1136 3066 obiurgavit,

79 3088 152 3167 quod
173 3107 205 3154 sa
227 3089 285 3154 deo
308 3095 519 3156 consecratum
542 3087 618 3166 (τόν
639 3093 700 3158 τοῦ
723 3092 823 3168 θεοῦ)
842 3090 978 3156 occidere
994 3089 1137 3168 voluerit,

78 3191 169 3275 eique
190 3195 305 3260 Creusa
337 3197 497 3278 respondit
524 3217 604 3276 eum,
636 3218 707 3265 cum
735 3216 853 3264 veneno
881 3198 1044 3280 peteretur,
1071 3195 1135 3262 iam

77 3316 129 3363 non
144 3301 308 3385 Apollinis,
329 3301 383 3367 sed
404 3303 503 3384 patris
525 3305 628 3384 fuisse,
652 3305 854 3371 subiiciuntur
875 3303 908 3366 hi
931 3303 990 3368 duo
1012 3322 1136 3369 versus:

164 3431 234 3498 m.
259 3424 332 3496 αλλ’
355 3427 583 3518 ἐγενόμεσθα,
607 3428 737 3517 πατρός
760 3425 789 3498 δ’
813 3425 933 3497 οὐσίαν
956 3432 1046 3519 λέγω.

166 3541 246 3604 ΚΡ.
270 3531 397 3604 ον’κοὺν
420 3532 489 3605 τότ’
511 3531 616 3625 ἦσθα.
640 3542 703 3605 νῦν
720 3532 749 3605 δ’
773 3533 847 3625 ἐγώ,
870 3532 911 3603 ον’
935 3529 1073 3604 ‹i’oer'as'e'
1095 3536 1138 3603 εἶ.

77 3656 205 3726 Priorem
226 3681 358 3735 versum,
382 3665 412 3726 in
436 3682 495 3746 quo
519 3657 548 3730 δ’
572 3665 721 3729 Caeteros
742 3664 825 3728 recte
847 3663 983 3736 sustulit,
1009 3681 1137 3744 corrup·

77 3765 137 3830 tum
159 3788 225 3834 esse
247 3769 447 3834 manifestum
480 3772 535 3842 est,
565 3789 621 3834 nec
649 3771 677 3834 ei
706 3771 770 3852 opis
794 3770 961 3854 quidquam
983 3769 1137 3834 editorum

78 3873 248 3940 coniecturae
272 3874 445 3940 attulerunt
466 3880 520 3942 aut
533 3877 635 3958 ipsum
653 3877 763 3942 vulnus
779 3876 960 3960 attigerunt.
994 3875 1134 3940 Primum

79 3982 194 4058 apparet
227 3981 396 4051 desiderari
430 3983 513 4048 vorbi
546 3976 761 4068 ἐγενόμεσθα
790 3982 1047 4076 complementum
1080 3996 1139 4041 uec

79 4081 139 4163 dici,
171 4087 245 4170 quid
278 4087 316 4152 in¹
349 4089 432 4154 lonis
467 4107 595 4172 persona
632 4087 787 4160 acciderit,
826 4086 934 4153 deinde
970 4083 1135 4150 formulam

902 4195 934 4254 2*
