2740 4572
17 89 20 300 D
445 256 586 314 Ciceronis
604 257 736 328 epistolae.
809 303 818 316 .

17 349 19 480 ‚
57 449 121 530 iri,
154 469 228 517 non
259 455 323 519 est
355 455 496 520 actum.
539 443 740 538 Perspicuum
762 456 811 521 est
831 461 1019 540 postremam
1042 456 1121 521 hauc

57 558 238 624 sententiam
260 578 279 624 a
300 561 401 642 quod
423 561 557 642 incipere
574 555 696 638 (Quod
712 606 744 623 ..
766 562 901 629 iuerat
922 561 1075 628 dictum
1090 607 1119 624 ..

17 689 19 812 p
56 664 183 727 actum
220 664 290 743 iri,
323 684 397 731 non
432 668 493 731 est
525 668 681 743 actum),
702 665 823 732 litteras
845 670 937 732 ante
959 667 998 731 ad
1019 668 1121 749 priora

57 767 214 848 pertinere.
257 771 323 837 Iam
344 771 376 836 in
401 772 433 836 hi
455 791 508 856 pro
536 773 685 838 etenim
714 772 859 838 scribitur
881 777 944 838 est
964 772 1066 837 enim
1089 773 1121 837 ot

57 891 158 938 eram
190 895 245 957 pro
278 881 373 942 erat.
425 877 596 961 Scripserat
624 877 721 961 igitur
748 876 852 944 Cicero
874 879 932 944 sic:
956 914 992 926 -
1017 876 1120 960 quod

56 997 108 1044 me
130 980 316 1059 absente3
339 984 401 1050 est
422 983 524 1049 onim
543 982 1010 1070 alternaveriudicium
1033 983 1119 1047 sino

57 1088 375 1171 oppugnatione,
398 1089 485 1156 sine
507 1090 643 1174 gratia
664 1091 803 1156 nostra
824 1088 991 1156 damnant.

17 1207 19 1302 p
154 1193 231 1258 Ibid.
265 1196 295 1269 8,
329 1195 364 1259 1:
400 1195 455 1259 Tu
488 1197 652 1272 metuis,
685 1215 730 1261 ne
764 1216 820 1262 rue
851 1194 1121 1277 interpelles?

17 1305 19 1394 t
56 1295 246 1377 Primum,
276 1299 310 1364 si
339 1301 377 1364 in
405 1299 487 1365 isto
508 1320 653 1380 essem,
677 1306 719 1368 tu
740 1301 840 1381 scis,
861 1300 957 1384 quid
979 1300 1036 1366 sit
1057 1301 1122 1365 in-

17 1395 18 1398 ’
56 1403 287 1487 terpeliare.
311 1406 605 1472 Antehtoius?
626 1406 971 1472 Meherculemihi
988 1407 1121 1473 docere

17 1494 18 1574 i
58 1509 210 1575 videris
243 1510 368 1576 istius
401 1515 564 1596 generis
594 1513 904 1592 humanitatem,
936 1532 1010 1596 qua
1031 1513 1120 1596 qui-

17 1579 19 1700 i
58 1614 139 1679 dem
163 1635 233 1700 ego
256 1616 362 1682 nihil
385 1621 475 1684 utor
496 1619 564 1684 ahs
586 1620 633 1685 tc.
667 1621 703 1685 ln
718 1619 831 1684 litteris
853 1619 1004 1701 corruptis
1025 1621 1120 1684 anto

17 1717 18 1724 ’
59 1725 140 1786 ato
167 1722 202 1788 is
225 1723 284 1800 (sic
305 1724 385 1788 euim
408 1723 455 1802 M)
484 1723 563 1790 latet
594 1726 787 1792 amuentirus
816 1725 952 1809 pluralis,
982 1724 1122 1791 homines

59 1826 231 1910 significans
245 1828 381 1894 Ciceroni
396 1830 620 1914 interpellando
636 1832 793 1908 molestos,
812 1851 889 1915 quos
910 1831 1007 1897 veliet
1027 1831 1120 1896 istam

58 1933 282 1999 humanitatem
305 1953 363 2000 non
386 1935 603 2018 interpellandi
625 1958 649 2004 a·
667 1938 781 2018 Quinto
804 1938 932 2004 discere.
981 1939 1122 2003 Proximo

17 2087 19 2118 ,
58 2040 93 2104 ari
116 2040 237 2105 litteras
260 2040 380 2106 accedit
399 2040 558 2120 Anhatm,
581 2046 616 2106 ut
637 2041 742 2109 Oiooro
763 2044 795 2108 in
817 2043 937 2109 Antiati
958 2043 1123 2125 epistolam

17 2159 19 2238 p
59 2146 215 2233 scripsisse
237 2147 362 2228 putetur
391 2150 423 2213 et
450 2146 488 2214 de
517 2147 652 2214 officiosa
681 2148 824 2216 molestia
847 2147 1023 2214 colonorum
1046 2147 1122 2213 rici-

60 2271 165 2318 ucrum
187 2250 282 2335 queri.

17 2353 19 2452 p
154 2357 235 2424 Ibid.
263 2357 310 2436 11,
335 2359 373 2422 2:
404 2358 674 2424 Vehementer
707 2359 873 2426 rexatus
905 2358 1121 2438 Gabinius,
1247 2362 1250 2366 ‘

17 2453 19 2532 i
60 2464 259 2549 exagitati
281 2464 412 2529 tamen
436 2464 646 2530 aDomitio
669 2463 895 2549 publicani,
918 2464 1018 2547 quod
1040 2483 1121 2531 eum

17 2649 18 2654 ἵ
59 2570 679 2652 essentcumequisprosecuti.
734 2570 895 2636 Veraticui
919 2570 1041 2636 Gabinii
1063 2589 1121 2636 uon

17 2719 18 2754 5
59 2677 240 2743 contrarium
272 2682 328 2755 est,
362 2676 417 2743 sed
445 2677 485 2741 ad
506 2696 575 2742 cam
596 2676 932 2762 augendampcrtiust,
956 2677 1037 2760 quod
1059 2677 1122 2743 Do·

59 2784 164 2848 mitius
193 2783 288 2848 etiarn
323 2802 384 2856 eos,
421 2783 473 2865 qui
509 2801 580 2847 eum
615 2785 828 2865 prosecutione
860 2785 1124 2862 cohonestossent,

17 2931 18 2984 ;
59 2888 227 2955 insectatus
250 2893 305 2954 est.
339 2891 446 2972 Itaque
468 2906 521 2970 pro
543 2892 674 2954 tamen
697 2890 893 2956 scribendum
908 2891 1017 2960 etism.
1050 2891 1124 2957 Pcr-

17 2989 18 2994 ’
59 2995 229 3079 frequenter
250 2993 316 3060 haec
337 2997 574 3060 commutantur.

155 3113 306 3191 Ibid.14,
332 3115 368 3177 2:
396 3113 514 3194 plane
536 3113 605 3178 aut
626 3112 900 3195 tranquillum
920 3115 1035 3179 nobis
1058 3118 1126 3179 aut

61 3221 167 3284 corte
221 3219 542 3286 munitissimum
586 3219 849 3302 (exspecto-eum
887 3237 1018 3296 annum,
1073 3219 1126 3303 qui

60 3324 341 3409 sequitur),·quod
365 3325 548 3408 quotidie
571 3324 840 3406 domus,quud
864 3325 1006 3403 forum,
1029 3324 1126 3406 quod

60 3432 212 3498 theatri
258 3431 596 3516 significationes
645 3429 857 3496 declarant
899 3448 970 3494 nec
1013 3430 1124 3494 labo·

60 3541 146 3604 rant
178 3537 279 3621 quod
315 3555 397 3604 msa
433 3535 687 3605 conscientia
722 3536 924 3619 copiarum
961 3536 1126 3601 nostra-

59 3664 154 3724 rum,
200 3643 299 3728 quod
343 3643 529 3721 Gaesaris,
572 3642 674 3725 quod
720 3641 903 3723 Pompeii
951 3642 1125 3726 gratiam

60 3757 248 3818 tenemus.
314 3750 423 3815 Sedem
466 3749 571 3816 mendi
614 3766 681 3814 csse
719 3748 750 3812 in
793 3748 983 3814 laborant
1025 3746 1126 3832 quod

60 3859 252 3924 manifestum
287 3859 344 3935 est,
379 3875 433 3922 neo
465 3854 615 3938 particula
646 3855 747 3938 quod
775 3854 839 3919 ullo
875 3856 964 3922 modo
997 3855 1037 3920 cd
1068 3855 1126 3920 hoc

61 3963 215 4030 sententia
248 3965 421 4030 membrum
453 3960 676 4028 accommodari
708 3963 820 4043 potest.
874 3960 920 4026 Nc
948 3961 1029 4026 illud
1058 3961 1127 4044 qui-

61 4071 127 4138 dem
149 4072 279 4138 dubium
302 4071 359 4150 ost,
389 4071 462 4153 quin
492 4071 523 4134 in
556 4068 745 4134 laborant
776 4067 874 4137 lateat
900 4069 1028 4133 verbum
1057 4085 1128 4132 cum

872 4173 926 4236 13*
