2740 4572
191 291 195 300 .
294 243 355 306 m
657 201 976 315 muQu'

353 442 430 507 ibid.
443 442 497 518 IV,
512 446 567 506 15:
591 441 821 525 Statimque
837 439 967 518 (Brinno
984 439 1043 504 dur
1056 435 1341 513 Canninefatium)

254 548 402 616 necitis
431 547 579 613 Frisiis
602 548 914 624 (transrhenana
936 563 1033 629 gens
1056 545 1130 619 cst)
1152 543 1340 608 duarum

253 654 480 720 cohortium
516 652 686 720 hiberna
723 654 901 736 proxima
935 653 1131 733 occupata
1161 647 1340 716 Oceano

252 762 455 842 irrumpit.
505 761 634 827 Frustra
666 760 800 824 editores
829 758 952 842 aliique¹
973 755 1110 822 homines
1139 757 1225 822 docti
1250 775 1338 822 con-

251 867 378 933 iecturis
401 865 494 931 etiam
519 866 595 931 satis
616 865 763 930 violentis
788 865 976 930 sententiam
990 864 1181 928 tolerabilem
1197 865 1336 928 retento

252 975 447 1055 occupata
476 975 530 1037 aut
553 972 613 1037 alia
636 972 701 1036 eius
724 971 808 1036 verbi
832 971 934 1036 eiliota
956 970 1053 1034 iorma
1075 969 1194 1034 allicere
1218 971 1334 1035 eonati

250 1080 332 1157 sunt,
354 1078 416 1142 nisi
437 1079 486 1143 cni
508 1078 595 1143 forte.
608 1077 720 1160 placet,
743 1078 822 1160 quod
845 1097 863 1142 a
884 1075 1134 1141 Weissenbomio
1156 1077 1331 1155 sumptum

251 1186 396 1250 Halmius
411 1184 518 1262 edidit,
534 1183 703 1249 hiberna
724 1185 894 1264 proxima
915 1185 1153 1264 occupatum
1169 1181 1332 1246 Oceano

250 1291 459 1373 irrumpit,
482 1290 546 1355 siae
567 1291 746 1372 proxima
769 1289 924 1356 Oceano
946 1289 1090 1372 coniungi
1112 1286 1217 1365 uoluit,
1235 1305 1330 1369 pror-

251 1417 302 1463 sus
322 1395 452 1461 mirifica
474 1396 654 1478 interposito
683 1397 802 1477 supino,
835 1393 901 1460 sive
934 1394 1089 1461 Oceano
1121 1395 1328 1476 irrumpit

249 1506 485 1586 occupatum
519 1502 705 1580 hiberna,
733 1501 806 1566 fiete
838 1501 1001 1566 Brinnonis
1030 1503 1063 1564 et
1084 1499 1326 1576 transrhenanae

250 1611 351 1694 gentis
378 1628 431 1694 per
458 1609 613 1700 Oceanum
645 1609 788 1686 adventu,
818 1610 853 1672 ut
881 1608 976 1673 simul
1002 1626 1056 1689 pro
1087 1623 1132 1683 eo,
1162 1605 1247 1690 quod
1273 1613 1328 1673 est

248 1715 472 1798 irrumpere
495 1715 679 1790 hiberna,
702 1715 823 1781 dicatur
843 1716 1067 1797 irrumpere
1089 1715 1326 1794 occupatum

249 1820 433 1899 hiberna,
464 1840 649 1906 quamquam
674 1820 801 1886 hiberna
824 1821 931 1886 Latine
954 1819 1123 1902 capiuntur,
1146 1837 1204 1882 non
1227 1838 1325 1885 occu-

248 1931 359 2010 pantur
381 1927 441 1990 nisi
459 1947 477 1990 a
491 1927 757 2009 praevenientibus.
768 1926 801 2004 *)
838 1927 971 1992 Omnino
987 1926 1075 1991 nulla
1089 1925 1145 1989 hic
1157 1929 1324 2008 occupatio

248 2033 447 2118 significatur,
475 2051 572 2118 neque
601 2033 741 2099 Oceanus
770 2034 1026 2098 commemomtur
1057 2028 1117 2096 nisi
1146 2032 1184 2096 ad
1214 2031 1321 2097 locum
1361 2097 1362 2104 χ

247 2140 443 2206 hibernorum
466 2139 759 2214 demonstrandum
782 2158 818 2204 ea
840 2140 878 2203 ad
901 2156 986 2202 mare
1004 2129 1108 2212 erunt3
1130 2136 1200 2200 inde
1220 2137 1324 2222 igitur

253 2247 380 2311 Romani
402 2247 434 2310 in
464 2248 648 2328 superiorem
678 2245 786 2310 insulae
820 2249 947 2328 partem,
980 2245 1012 2310 id
1046 2245 1103 2321 est,
1137 2242 1325 2308 orientalem
1361 2232 1362 2247 ¹

252 2353 371 2418 cedunt.
410 2350 615 2444 'Scribendum
651 2353 764 2435 igitur:
801 2352 979 2434 proxima
1016 2349 1123 2418 locuta
1159 2349 1323 2416 Oceano

252 2458 454 2540 irrumpit.
484 2516 571 2529 .....

351 2597 431 2676 lbidss
457 2611 510 2674 16:
545 2601 766 2676 directuex
789 2608 949 2673 diverso
972 2610 1078 2674 acies
1100 2608 1205 2674 haud
1227 2629 1323 2692 pro-

251 2718 315 2783 cul
335 2736 354 2781 a
376 2715 547 2781 flumine
569 2715 704 2781 Rheno
726 2720 765 2780 et
787 2715 973 2780 obversis
1001 2715 1040 2779 in
1071 2716 1228 2780 hostem
1250 2735 1322 2780 nu·
1360 2743 1361 2820 p

249 2823 383 2899 vibus,
406 2841 503 2904 quas
526 2821 710 2887 incensis
732 2819 927 2886 castellis
957 2821 1054 2886 illue
1076 2821 1318 2904 appulerunt.
1360 2821 1361 2859 ³

249 2927 371 2992 Pendet
407 2927 462 3004 et;
499 2927 603 3010 itaque
638 2929 776 2993 liitterus
806 2928 878 3009 post
917 2929 1161 3010 appulerant
1196 2925 1320 2993 addidit

250 3037 485 3118 pugnatum
516 3031 650 3098 Pichena
677 3035 767 3099 scribi
788 3034 944 3100 voluerat:
975 3031 1090 3098 acie.
1117 3080 1124 3095 .
1149 3079 1156 3094 .
1180 3037 1219 3098 et
1247 3037 1316 3100 ob-

249 3142 471 3214 seruisset,
505 3140 571 3205 haee
603 3141 714 3213 omnia,
749 3159 816 3222 quae
848 3141 886 3204 ad
919 3158 1030 3224 pugnae
1060 3140 1316 3221 preparationem

251 3247 412 3329 pertinent,
436 3247 538 3312 minus
561 3248 719 3313 commode
742 3247 931 3330 coniungens
954 3265 1024 3312 eum
1045 3247 1183 3328 iis‚·quae
1198 3246 1236 3312 de
1250 3247 1316 3328 ipsa
1359 3321 1360 3330 ἵ

300 3516 325 3581 *l
345 3517 469 3584 Ignorant
498 3517 550 3571 hoe
577 3517 657 3572 uideo
686 3496 702 3571 a
727 3502 875 3586 plerisque,
905 3532 1069 3585 occupare
1098 3515 1182 3586 apud·
1199 3513 1310 3574 Latinos

318 3629 320 3636 ·
347 3625 495 3676 numquam
515 3611 677 3681 simpliciter
693 3626 743 3681 pro
762 3625 804 3678 co,
829 3609 903 3678 quod
928 3615 970 3665 est
989 3603 1124 3680 cepere,
1145 3610 1262 3680 potiri,
1279 3612 1310 3666 de

346 3701 415 3770 loco,
441 3703 518 3774 urbe,
545 3705 643 3760 castris
671 3703 734 3772 dici,
761 3703 815 3758 nisi
839 3703 970 3758 adiuncta
988 3702 1186 3772 significatione
1203 3719 1304 3773 praere·

346 3795 439 3850 niendi
466 3803 514 3852 aut
540 3797 595 3852 late
620 3797 732 3854 tenendi
760 3803 787 3851 et
817 3793 887 3851 elios
920 3795 1089 3852 excludendi.
1140 3795 1194 3864 Qui
1222 3798 1307 3852 Gades
1358 3855 1359 3870 χ

339 3889 454 3944 -Brenno
474 3891 543 3945 duce
560 3891 675 3945 Romam
694 3905 845 3959 occupasse
863 3890 1025 3958 narraverit,
1043 3905 1127 3959 prave
1144 3905 1197 3944 nec
1215 3889 1305 3945 Latine

335 3984 506 4051 manaverit,
525 3999 576 4038 neo
593 3977 691 4051 minus,
710 3983 756 4056 qui
773 3983 904 4037 victorem
918 3983 1072 4037 exercitum
1091 3987 1182 4038 eastra
1194 3981 1303 4038 hostiurn

335 4089 504 4143 'occupasse
614 4109 616 4115 ·
651 4091 655 4103 ’
