2728 4582
268 273 309 335 52
629 251 893 345 mamm

327 469 413 534 Nihil
437 470 475 536 de
496 470 620 540 feminis
641 475 713 537 ante
736 471 853 536 dictum
876 473 933 555 est,
964 471 1018 536 sed
1041 470 1078 534 do
1101 471 1188 552 cibis,
1210 470 1283 534 uude

227 596 307 642 nuno
328 577 368 642 ad
391 595 502 642 novum
524 595 620 661 genus
650 577 818 660 voluptatis
846 578 1006 642 transitur.
1054 578 1163 660 Itaque
1186 573 1286 659 ἄλλην

226 684 407 749 mendosum
432 685 481 748 est
501 682 755 767 scribendumque
779 679 965 768 uallari

326 826 361 892 P.
385 825 425 889 34
448 845 464 889 e
486 826 530 902 (in
553 823 718 906 Amphidis
740 824 941 908 fragmento):

379 924 453 997 Οὐκ
476 937 580 1007 ἔστιν,
603 923 648 1004 w‘c
670 937 770 1008 ἔοικε,
794 924 975 1016 φάρμακον
995 934 1110 1014 μέθης

376 1031 477 1105 ου’δῖν
499 1038 657 1104 τοιοῦτον
680 1031 723 1110 ὥς
746 1031 784 1103 ao*
808 1049 1017 1122 προσπεσεῖν
1042 1031 1138 1121 ἄφνω

376 1139 490 1231 λύπην
511 1135 584 1211 τιν’.
608 1140 716 1218 οὕτως
738 1138 905 1220 ἐξελαύνει
927 1141 992 1230 γαρ
1016 1137 1146 1227 σφόδρα

377 1253 480 1336 λῆρον
503 1247 586 1318 ὥστε
609 1244 670 1324 τοὶς
692 1246 866 1336 ῥαφάνους
888 1247 976 1317 οὕτω
1000 1251 1122 1319 δοκεῖν.

325 1394 446 1458 Nomen
470 1388 575 1477 λήρου
597 1412 666 1458 cum
683 1393 831 1458 radiculis
847 1395 971 1475 apoeta
986 1394 1183 1458 coniunctum
1198 1391 1286 1455 inisse

225 1519 261 1566 eo
294 1498 480 1582 significatu,
514 1519 573 1583 quo
607 1498 721 1565 dicitur
753 1498 791 1563 de
821 1519 853 1564 rc
883 1501 914 1562 in
944 1500 1171 1580 comparatione
1203 1497 1288 1562 alteri
1346 1490 1352 1589 j

169 1615 192 1647 ·'
227 1607 319 1690 longe
339 1606 471 1684 cedenti,
493 1605 598 1687 plures
619 1604 855 1680 intellexerunt3
884 1606 963 1671 illud
990 1623 1050 1669 non
1083 1605 1286 1672 attenderunt,
1350 1625 1351 1630 ¹

227 1711 394 1776 desiderari
427 1713 583 1778 obiectum
605 1713 702 1787 verbi,
723 1712 804 1794 quod
828 1713 876 1776 est
898 1705 1098 1789 ἐξελαύνειν,
1122 1711 1289 1792 lusisseque
1347 1712 1350 1774 i

227 1818 415 1899 Amphidem
437 1820 470 1883 iu
492 1820 559 1901 ipso
581 1819 642 1884 τοῦ
667 1812 771 1902 λήρου
792 1817 915 1884 nomine
931 1819 962 1884 ot
978 1817 1092 1900 duplici
1108 1815 1288 1902 significatu,

225 1925 263 1987 ut
282 1922 416 2004 primum
447 1924 568 1991 dicatur
598 1925 635 1990 de
664 1924 756 2008 nugis
785 1929 818 1988 et
843 1924 959 1989 cerebri
981 1943 1016 1988 ex
1039 1923 1111 1989 uiuo
1134 1923 1291 2006 perturba·

226 2029 319 2106 tione,
342 2013 453 2095 deinde¹
475 2032 572 2096 altero
594 2031 649 2097 illo
671 2029 777 2097 modo:

529 2195 536 2212 .
561 2194 569 2212 .
593 2196 601 2213 .
626 2197 634 2214 .
658 2145 765 2222 οὕτως
787 2144 955 2225 ἐξελαύνει
978 2143 1043 2235 γάρ
1066 2141 1195 2234 σφόδρα

376 2251 451 2322 τόν
475 2257 591 2341 λῆρον,
615 2251 698 2322 ὥστε
721 2251 783 2330 τας
800 2251 973 2343 ῥαφάνους
996 2256 1043 2340 λῇ
1051 2281 1126 2340 ρον
1149 2256 1269 2324 δοκεῖν.

226 2395 296 2463 Νοο
318 2396 475 2464 intellecto
504 2399 574 2464 lusu
604 2417 712 2463 nomeu
738 2397 835 2463 altero
864 2399 930 2464 loco
956 2398 1103 2464 omissum
1127 2417 1145 2460 a
1167 2400 1287 2466 librario
1347 2470 1348 2484 ρ

226 2503 275 2568 est
297 2521 463 2587 versusque
485 2505 571 2570 inani
593 2505 717 2569 tibicine
740 2504 848 2573 fultuS.

326 2643 362 2710 P.
386 2646 426 2707 49
449 2664 476 2709 a.
507 2645 541 2709 ln
556 2647 845 2710 commemoratione
859 2646 1155 2727 generisouiuadam
1172 2665 1289 2713 mensa·
1347 2662 1348 2740 ρ

226 2767 296 2813 rum
318 2749 506 2834 elegantium
529 2753 560 2816 et
582 2750 783 2833 pretiosarum
807 2749 924 2814 Cratini
945 2753 1080 2816 citantur
1101 2770 1208 2818 versus
1234 2755 1290 2818 duo

226 2853 271 2921 sic
293 2855 413 2939 scripti:

311 2986 502 3068 Γαυριώσαι
526 2977 554 3051 δ’
577 2979 806 3069 α’ναμὲνουσιν
828 2973 884 3051 oid’
906 2990 1175 3074 ἕπηγλαῖσμὲναι

309 3093 469 3179 μείρακες
493 3093 628 3178 φαιδραὶ
652 3088 814 3178 τράπεζαι
830 3096 1014 3175 τρισκελεῖς
1030 3090 1292 3179 σφενδάμνιναι.

325 3221 460 3289 Etiamsi
488 3243 550 3289 non
578 3241 633 3304 per
662 3242 695 3288 se
720 3223 882 3304 appareret
914 3241 1034 3289 mensas
1068 3243 1128 3290 non
1157 3227 1291 3308 potuisse

225 3326 410 3410 simpliciter
438 3331 522 3413 ipsas
549 3330 697 3415 appellari
726 3332 891 3414 μείρακας
920 3325 1066 3415 φαιδρός
1088 3332 1292 3416 (virgunculas

226 3433 364 3511 hilares),
388 3439 493 3503 umen
514 3435 548 3500 id
571 3455 737 3503 concursus
759 3453 919 3520 perversus
952 3436 1159 3521 epithetorum
1192 3440 1291 3505 decla·

225 3543 319 3620 rarat,
350 3560 388 3607 uc
411 3542 484 3626 quid
507 3543 609 3608 dicam
633 3544 670 3608 de
692 3543 837 3610 adverbio
860 3531 915 3609 οἷδ’
936 3544 1040 3626 inepte
1060 3543 1171 3626 posito.
1226 3545 1290 3612 Una

227 3645 333 3713 littera
354 3651 475 3714 mutata
496 3649 681 3715 sententiam
705 3655 735 3716 et
757 3649 926 3715 orationem
947 3648 1104 3714 restituet:

226 3817 419 3825 ———..--
425 3822 459 3826 ..-

282 3913 309 3982 *)
327 3916 405 3972 Inter
420 3917 565 3987 mirabilia,
581 3935 642 3988 quae
656 3921 685 3975 in
698 3934 727 3974 re
743 3918 841 3974 critica
858 3917 994 3988 accidunt,
1010 3935 1121 3975 numero
1141 3920 1288 3989 neglectam

326 4009 356 4065 P.
376 4009 411 4066 28
428 4009 442 4064 f
457 4011 485 4065 iu
507 4011 633 4067 Alexidis
653 4011 805 4081 fragmento
828 4026 921 4066 veram
943 4013 1114 4082 scripturam,
1136 4029 1218 4081 quarn
1239 4013 1289 4066 iam

328 4101 507 4164 casaubonus
523 4105 690 4170 restituerat,
711 4102 900 4174 ἐγγράφων.

1346 2753 1349 2766 i
