<?xml version="1.0" encoding="UTF-8"?>
<!DOCTYPE html PUBLIC "-//W3C//DTD XHTML 1.0 Transitional//EN"
    "http://www.w3.org/TR/xhtml1/DTD/xhtml1-transitional.dtd">
<html xmlns="http://www.w3.org/1999/xhtml" xml:lang="en" lang="en">
 <head>
  <title>
</title>
<meta http-equiv="Content-Type" content="text/html;charset=utf-8" />
  <meta name='ocr-system' content='tesseract 3.04.00' />
  <meta name='ocr-capabilities' content='ocr_page ocr_carea ocr_par ocr_line ocrx_word'/>
</head>
<body>
  <div class='ocr_page' id='page_1' title='image "./adversariacriti01madvgoog_0234.png"; bbox 0 0 2740 4572; ppageno 0'>
   <div class='ocr_carea' id='block_1_1' title="bbox 376 269 1067 340">
    <p class='ocr_par' dir='ltr' id='par_1_1' title="bbox 376 269 1067 340">
     <span class='ocr_line' id='line_1_1' title="bbox 376 269 1067 340; baseline 0.014 -16"><span class='ocrx_word' id='word_1_1' title='bbox 376 269 437 324; x_wconf 87' lang='lat' dir='ltr'><strong>Lib.</strong></span> <span class='ocrx_word' id='word_1_2' title='bbox 455 269 490 324; x_wconf 91' lang='lat'><strong>11.</strong></span> <span class='ocrx_word' id='word_1_3' title='bbox 510 270 575 340; x_wconf 84' lang='lat' dir='ltr'><strong>Cap.</strong></span> <span class='ocrx_word' id='word_1_4' title='bbox 594 269 627 325; x_wconf 87' lang='lat' dir='ltr'><strong>V.</strong></span> <span class='ocrx_word' id='word_1_5' title='bbox 654 269 773 325; x_wconf 77' lang='lat' dir='ltr'><strong>Tacitus.</strong></span> <span class='ocrx_word' id='word_1_6' title='bbox 1006 271 1067 334; x_wconf 72' lang='lat'><strong>223</strong></span> 
     </span>
    </p>
   </div>
   <div class='ocr_carea' id='block_1_2' title="bbox 5 465 1119 2162">
    <p class='ocr_par' dir='ltr' id='par_1_2' title="bbox 5 465 1119 2162">
     <span class='ocr_line' id='line_1_2' title="bbox 31 465 1119 551; baseline 0.004 -22"><span class='ocrx_word' id='word_1_7' title='bbox 31 485 139 530; x_wconf 83' lang='lat' dir='ltr'><strong>aarum</strong></span> <span class='ocrx_word' id='word_1_8' title='bbox 174 466 278 548; x_wconf 91' lang='lat' dir='ltr'><strong>primo</strong></span> <span class='ocrx_word' id='word_1_9' title='bbox 311 467 423 533; x_wconf 88' lang='lat' dir='ltr'><strong>saecnlo</strong></span> <span class='ocrx_word' id='word_1_10' title='bbox 456 467 574 545; x_wconf 86' lang='lat' dir='ltr'><strong>luisset,</strong></span> <span class='ocrx_word' id='word_1_11' title='bbox 607 465 824 551; x_wconf 84' lang='lat' dir='ltr'><strong>cognoscendae</strong></span> <span class='ocrx_word' id='word_1_12' title='bbox 858 466 1019 532; x_wconf 75' lang='lat' dir='ltr'><strong>materiam</strong></span> <span class='ocrx_word' id='word_1_13' title='bbox 1051 467 1119 533; x_wconf 84' lang='lat' dir='ltr'><strong>snb</strong></span> 
     </span>
     <span class='ocr_line' id='line_1_3' title="bbox 31 571 1109 656; baseline 0.004 -21"><span class='ocrx_word' id='word_1_14' title='bbox 31 591 132 637; x_wconf 89' lang='lat' dir='ltr'><strong>unum</strong></span> <span class='ocrx_word' id='word_1_15' title='bbox 155 573 397 656; x_wconf 86' lang='lat' dir='ltr'><strong>continuumque</strong></span> <span class='ocrx_word' id='word_1_16' title='bbox 419 578 616 655; x_wconf 89' lang='lat' dir='ltr'><strong>conspectum</strong></span> <span class='ocrx_word' id='word_1_17' title='bbox 645 571 812 640; x_wconf 76' lang='lat' dir='ltr'><strong>adductam</strong></span> <span class='ocrx_word' id='word_1_18' title='bbox 840 591 911 639; x_wconf 89' lang='lat' dir='ltr'><strong>cnm</strong></span> <span class='ocrx_word' id='word_1_19' title='bbox 940 591 986 651; x_wconf 90' lang='lat' dir='ltr'><strong>ea,</strong></span> <span class='ocrx_word' id='word_1_20' title='bbox 1016 590 1109 654; x_wconf 87' lang='lat' dir='ltr'><strong>qnam</strong></span> 
     </span>
     <span class='ocr_line' id='line_1_4' title="bbox 10 679 1118 763; baseline -0.001 -24"><span class='ocrx_word' id='word_1_21' title='bbox 10 679 95 758; x_wconf 79' lang='lat' dir='ltr'><strong>jipso</strong></span> <span class='ocrx_word' id='word_1_22' title='bbox 123 679 160 743; x_wconf 93' lang='lat' dir='ltr'><strong>in</strong></span> <span class='ocrx_word' id='word_1_23' title='bbox 184 697 276 760; x_wconf 89' lang='lat' dir='ltr'><strong>opere</strong></span> <span class='ocrx_word' id='word_1_24' title='bbox 298 682 336 746; x_wconf 90' lang='lat' dir='ltr'><strong>de</strong></span> <span class='ocrx_word' id='word_1_25' title='bbox 357 679 488 763; x_wconf 89' lang='lat' dir='ltr'><strong>publicis</strong></span> <span class='ocrx_word' id='word_1_26' title='bbox 504 679 711 746; x_wconf 86' lang='lat' dir='ltr'><strong>Romanorum</strong></span> <span class='ocrx_word' id='word_1_27' title='bbox 726 679 877 746; x_wconf 89' lang='lat' dir='ltr'><strong>institutis</strong></span> <span class='ocrx_word' id='word_1_28' title='bbox 892 679 1118 757; x_wconf 74' lang='lat' dir='ltr'><strong>delineassem,</strong></span> 
     </span>
     <span class='ocr_line' id='line_1_5' title="bbox 30 784 1111 870; baseline 0.003 -23"><span class='ocrx_word' id='word_1_29' title='bbox 30 784 173 869; x_wconf 85' lang='lat' dir='ltr'><strong>imagine</strong></span> <span class='ocrx_word' id='word_1_30' title='bbox 198 785 296 852; x_wconf 90' lang='lat' dir='ltr'><strong>denno</strong></span> <span class='ocrx_word' id='word_1_31' title='bbox 317 786 494 852; x_wconf 84' lang='lat' dir='ltr'><strong>conferrem.</strong></span> <span class='ocrx_word' id='word_1_32' title='bbox 544 786 624 852; x_wconf 80' lang='lat' dir='ltr'><strong>Cum</strong></span> <span class='ocrx_word' id='word_1_33' title='bbox 651 785 757 869; x_wconf 86' lang='lat' dir='ltr'><strong>igitur,</strong></span> <span class='ocrx_word' id='word_1_34' title='bbox 780 785 861 870; x_wconf 91' lang='lat' dir='ltr'><strong>quod</strong></span> <span class='ocrx_word' id='word_1_35' title='bbox 883 785 963 852; x_wconf 90' lang='lat' dir='ltr'><strong>oculi</strong></span> <span class='ocrx_word' id='word_1_36' title='bbox 985 803 1111 850; x_wconf 90' lang='lat' dir='ltr'><strong>omnem</strong></span> 
     </span>
     <span class='ocr_line' id='line_1_6' title="bbox 9 889 1115 977; baseline -0.005 -21"><span class='ocrx_word' id='word_1_37' title='bbox 9 892 162 956; x_wconf 50' lang='lat' dir='ltr'><strong>¹omnino</strong></span> <span class='ocrx_word' id='word_1_38' title='bbox 187 891 311 975; x_wconf 87' lang='lat' dir='ltr'><strong>legendi</strong></span> <span class='ocrx_word' id='word_1_39' title='bbox 333 910 456 974; x_wconf 82' lang='lat' dir='ltr'><strong>operam</strong></span> <span class='ocrx_word' id='word_1_40' title='bbox 485 893 690 977; x_wconf 86' lang='lat' dir='ltr'><strong>denegabant,</strong></span> <span class='ocrx_word' id='word_1_41' title='bbox 719 893 820 958; x_wconf 78' lang='lat' dir='ltr'><strong>Taciti</strong></span> <span class='ocrx_word' id='word_1_42' title='bbox 847 891 944 957; x_wconf 90' lang='lat' dir='ltr'><strong>oratio</strong></span> <span class='ocrx_word' id='word_1_43' title='bbox 974 889 1051 955; x_wconf 91' lang='lat' dir='ltr'><strong>rnibi</strong></span> <span class='ocrx_word' id='word_1_44' title='bbox 1072 909 1115 954; x_wconf 89' lang='lat' dir='ltr'><strong>er.</strong></span> 
     </span>
     <span class='ocr_line' id='line_1_7' title="bbox 9 995 1117 1084; baseline 0 -23"><span class='ocrx_word' id='word_1_45' title='bbox 9 995 10 1084; x_wconf 48' lang='lat' dir='ltr'>J</span> <span class='ocrx_word' id='word_1_46' title='bbox 30 997 155 1062; x_wconf 88' lang='lat' dir='ltr'><strong>Halmii</strong></span> <span class='ocrx_word' id='word_1_47' title='bbox 180 999 319 1080; x_wconf 85' lang='lat' dir='ltr'><strong>exemplo</strong></span> <span class='ocrx_word' id='word_1_48' title='bbox 341 1002 483 1083; x_wconf 90' lang='lat' dir='ltr'><strong>quartum</strong></span> <span class='ocrx_word' id='word_1_49' title='bbox 507 999 638 1082; x_wconf 92' lang='lat' dir='ltr'><strong>repetito</strong></span> <span class='ocrx_word' id='word_1_50' title='bbox 660 1000 707 1064; x_wconf 90' lang='lat' dir='ltr'><strong>ita</strong></span> <span class='ocrx_word' id='word_1_51' title='bbox 720 998 911 1075; x_wconf 72' lang='lat' dir='ltr'><strong>recitaretur,</strong></span> <span class='ocrx_word' id='word_1_52' title='bbox 927 998 971 1077; x_wconf 71' lang='lat' dir='ltr'><strong>nt,</strong></span> <span class='ocrx_word' id='word_1_53' title='bbox 987 998 1013 1062; x_wconf 91' lang='lat' dir='ltr'><strong>si</strong></span> <span class='ocrx_word' id='word_1_54' title='bbox 1033 995 1117 1081; x_wconf 87' lang='lat' dir='ltr'><strong>quid.</strong></span> 
     </span>
     <span class='ocr_line' id='line_1_8' title="bbox 9 1089 1106 1188; baseline 0.002 -21"><span class='ocrx_word' id='word_1_55' title='bbox 9 1089 219 1169; x_wconf 48' lang='lat' dir='ltr'><strong>*offendisset</strong></span> <span class='ocrx_word' id='word_1_56' title='bbox 255 1105 452 1188; x_wconf 89' lang='lat' dir='ltr'><strong>animumque</strong></span> <span class='ocrx_word' id='word_1_57' title='bbox 495 1105 688 1171; x_wconf 74' lang='lat' dir='ltr'><strong>dubitatione</strong></span> <span class='ocrx_word' id='word_1_58' title='bbox 731 1103 922 1188; x_wconf 80' lang='lat' dir='ltr'><strong>pupugisset,</strong></span> <span class='ocrx_word' id='word_1_59' title='bbox 966 1101 1106 1170; x_wconf 90' lang='lat' dir='ltr'><strong>codicum</strong></span> 
     </span>
     <span class='ocr_line' id='line_1_9' title="bbox 8 1209 1106 1320; baseline 0.002 -47"><span class='ocrx_word' id='word_1_60' title='bbox 8 1209 239 1320; x_wconf 44' lang='lat' dir='ltr'><strong>pscriptnraea</strong></span> <span class='ocrx_word' id='word_1_61' title='bbox 267 1211 386 1276; x_wconf 82' lang='lat' dir='ltr'><strong>Rittero</strong></span> <span class='ocrx_word' id='word_1_62' title='bbox 414 1213 571 1278; x_wconf 80' lang='lat' dir='ltr'><strong>annotata</strong></span> <span class='ocrx_word' id='word_1_63' title='bbox 600 1214 845 1294; x_wconf 87' lang='lat' dir='ltr'><strong>compararentur</strong></span> <span class='ocrx_word' id='word_1_64' title='bbox 875 1209 1106 1276; x_wconf 86' lang='lat' dir='ltr'><strong>consideraren-</strong></span> 
     </span>
     <span class='ocr_line' id='line_1_10' title="bbox 8 1315 1107 1412; baseline 0.002 -34"><span class='ocrx_word' id='word_1_65' title='bbox 8 1320 160 1412; x_wconf 54' lang='lat' dir='ltr'><strong>ponsque,</strong></span> <span class='ocrx_word' id='word_1_66' title='bbox 195 1317 278 1382; x_wconf 91' lang='lat' dir='ltr'><strong>idem</strong></span> <span class='ocrx_word' id='word_1_67' title='bbox 311 1317 387 1382; x_wconf 89' lang='lat' dir='ltr'><strong>mibi</strong></span> <span class='ocrx_word' id='word_1_68' title='bbox 416 1319 527 1397; x_wconf 86' lang='lat' dir='ltr'><strong>evenit,</strong></span> <span class='ocrx_word' id='word_1_69' title='bbox 562 1318 642 1402; x_wconf 89' lang='lat' dir='ltr'><strong>quod</strong></span> <span class='ocrx_word' id='word_1_70' title='bbox 675 1337 756 1401; x_wconf 84' lang='lat' dir='ltr'><strong>saepe</strong></span> <span class='ocrx_word' id='word_1_71' title='bbox 789 1319 889 1399; x_wconf 91' lang='lat' dir='ltr'><strong>antea,</strong></span> <span class='ocrx_word' id='word_1_72' title='bbox 912 1335 982 1381; x_wconf 92' lang='lat' dir='ltr'><strong>cnm</strong></span> <span class='ocrx_word' id='word_1_73' title='bbox 1005 1315 1107 1382; x_wconf 75' lang='lat' dir='ltr'><strong>Taciti</strong></span> 
     </span>
     <span class='ocr_line' id='line_1_11' title="bbox 7 1423 1107 1506; baseline 0.004 -21"><span class='ocrx_word' id='word_1_74' title='bbox 7 1423 149 1504; x_wconf 66' lang='lat' dir='ltr'><strong>,scripta</strong></span> <span class='ocrx_word' id='word_1_75' title='bbox 173 1427 347 1501; x_wconf 87' lang='lat' dir='ltr'><strong>tractarem,</strong></span> <span class='ocrx_word' id='word_1_76' title='bbox 371 1429 524 1503; x_wconf 82' lang='lat' dir='ltr'><strong>evenerat,</strong></span> <span class='ocrx_word' id='word_1_77' title='bbox 547 1431 581 1489; x_wconf 92' lang='lat' dir='ltr'><strong>ut</strong></span> <span class='ocrx_word' id='word_1_78' title='bbox 608 1423 770 1506; x_wconf 86' lang='lat' dir='ltr'><strong>permultis</strong></span> <span class='ocrx_word' id='word_1_79' title='bbox 801 1425 877 1489; x_wconf 90' lang='lat' dir='ltr'><strong>locis</strong></span> <span class='ocrx_word' id='word_1_80' title='bbox 907 1442 959 1490; x_wconf 89' lang='lat' dir='ltr'><strong>eas</strong></span> <span class='ocrx_word' id='word_1_81' title='bbox 989 1424 1107 1489; x_wconf 90' lang='lat' dir='ltr'><strong>coniec-</strong></span> 
     </span>
     <span class='ocr_line' id='line_1_12' title="bbox 29 1528 1105 1615; baseline 0.004 -24.92"><span class='ocrx_word' id='word_1_82' title='bbox 29 1534 129 1605; x_wconf 85' lang='lat' dir='ltr'><strong>turas,</strong></span> <span class='ocrx_word' id='word_1_83' title='bbox 155 1528 187 1592; x_wconf 91' lang='lat' dir='ltr'><strong>in</strong></span> <span class='ocrx_word' id='word_1_84' title='bbox 213 1547 289 1612; x_wconf 89' lang='lat' dir='ltr'><strong>quas</strong></span> <span class='ocrx_word' id='word_1_85' title='bbox 309 1530 375 1612; x_wconf 90' lang='lat' dir='ltr'><strong>ipse</strong></span> <span class='ocrx_word' id='word_1_86' title='bbox 397 1535 452 1595; x_wconf 87' lang='lat' dir='ltr'><strong>aut</strong></span> <span class='ocrx_word' id='word_1_87' title='bbox 473 1531 580 1597; x_wconf 90' lang='lat' dir='ltr'><strong>statim</strong></span> <span class='ocrx_word' id='word_1_88' title='bbox 602 1533 657 1596; x_wconf 92' lang='lat' dir='ltr'><strong>eut</strong></span> <span class='ocrx_word' id='word_1_89' title='bbox 677 1531 801 1612; x_wconf 91' lang='lat' dir='ltr'><strong>sumpto</strong></span> <span class='ocrx_word' id='word_1_90' title='bbox 823 1529 982 1615; x_wconf 86' lang='lat' dir='ltr'><strong>cogitandi</strong></span> <span class='ocrx_word' id='word_1_91' title='bbox 1003 1529 1105 1612; x_wconf 88' lang='lat' dir='ltr'><strong>spatio</strong></span> 
     </span>
     <span class='ocr_line' id='line_1_13' title="bbox 7 1619 1103 1720; baseline 0.004 -25"><span class='ocrx_word' id='word_1_92' title='bbox 7 1619 8 1656; x_wconf 52' lang='lat'><em>&#39;</em></span> <span class='ocrx_word' id='word_1_93' title='bbox 30 1634 225 1710; x_wconf 89' lang='lat' dir='ltr'><strong>incidissem,</strong></span> <span class='ocrx_word' id='word_1_94' title='bbox 248 1653 299 1701; x_wconf 90' lang='lat' dir='ltr'><strong>eas</strong></span> <span class='ocrx_word' id='word_1_95' title='bbox 322 1636 442 1716; x_wconf 91' lang='lat' dir='ltr'><strong>deinde,</strong></span> <span class='ocrx_word' id='word_1_96' title='bbox 459 1639 595 1718; x_wconf 89' lang='lat' dir='ltr'><strong>inspecto</strong></span> <span class='ocrx_word' id='word_1_97' title='bbox 612 1635 787 1702; x_wconf 87' lang='lat' dir='ltr'><strong>Halmianee</strong></span> <span class='ocrx_word' id='word_1_98' title='bbox 803 1635 948 1702; x_wconf 83' lang='lat' dir='ltr'><strong>editionis</strong></span> <span class='ocrx_word' id='word_1_99' title='bbox 964 1636 1103 1720; x_wconf 86' lang='lat' dir='ltr'><strong>margine</strong></span> 
     </span>
     <span class='ocr_line' id='line_1_14' title="bbox 6 1740 1112 1842; baseline 0.006 -40"><span class='ocrx_word' id='word_1_100' title='bbox 6 1783 8 1842; x_wconf 39' lang='grc' dir='ltr'><strong><em>ἲ</em></strong></span> <span class='ocrx_word' id='word_1_101' title='bbox 32 1740 248 1823; x_wconf 79' lang='lat' dir='ltr'><strong>adhibitisque</strong></span> <span class='ocrx_word' id='word_1_102' title='bbox 270 1743 469 1809; x_wconf 87' lang='lat' dir='ltr'><strong>Bekkerianae</strong></span> <span class='ocrx_word' id='word_1_103' title='bbox 492 1742 638 1809; x_wconf 88' lang='lat' dir='ltr'><strong>editionis</strong></span> <span class='ocrx_word' id='word_1_104' title='bbox 661 1742 785 1808; x_wconf 88' lang='lat' dir='ltr'><strong>maioris</strong></span> <span class='ocrx_word' id='word_1_105' title='bbox 807 1741 913 1824; x_wconf 88' lang='lat' dir='ltr'><strong>copiis,</strong></span> <span class='ocrx_word' id='word_1_106' title='bbox 935 1743 1112 1827; x_wconf 52' lang='lat' dir='ltr'><strong>asaperiov</strong></span> 
     </span>
     <span class='ocr_line' id='line_1_15' title="bbox 5 1847 1109 1984; baseline 0.007 -76"><span class='ocrx_word' id='word_1_107' title='bbox 5 1849 102 1984; x_wconf 52' lang='lat' dir='ltr'><strong>&#39;rum</strong></span> <span class='ocrx_word' id='word_1_108' title='bbox 132 1847 248 1929; x_wconf 85' lang='lat' dir='ltr'><strong>aliquo,</strong></span> <span class='ocrx_word' id='word_1_109' title='bbox 278 1849 435 1928; x_wconf 85' lang='lat' dir='ltr'><strong>Rhenanc,</strong></span> <span class='ocrx_word' id='word_1_110' title='bbox 466 1851 579 1931; x_wconf 81' lang='lat' dir='ltr'><strong>lipsio,</strong></span> <span class='ocrx_word' id='word_1_111' title='bbox 611 1849 763 1927; x_wconf 85' lang='lat' dir='ltr'><strong>Acidalio,</strong></span> <span class='ocrx_word' id='word_1_112' title='bbox 791 1849 936 1929; x_wconf 75' lang='lat' dir='ltr'><strong>Pithone,</strong></span> <span class='ocrx_word' id='word_1_113' title='bbox 965 1849 1109 1928; x_wconf 88' lang='lat' dir='ltr'><strong>Heinsio,</strong></span> 
     </span>
     <span class='ocr_line' id='line_1_16' title="bbox 33 1953 1106 2040; baseline 0.007 -25"><span class='ocrx_word' id='word_1_114' title='bbox 33 1953 258 2033; x_wconf 81' lang='lat' dir='ltr'><strong>Freinshemio,</strong></span> <span class='ocrx_word' id='word_1_115' title='bbox 280 1955 443 2033; x_wconf 84' lang='lat' dir='ltr'><strong>Gronorio,</strong></span> <span class='ocrx_word' id='word_1_116' title='bbox 466 1957 609 2022; x_wconf 80' lang='lat' dir='ltr'><strong>Ernestio</strong></span> <span class='ocrx_word' id='word_1_117' title='bbox 631 1955 739 2035; x_wconf 86' lang='lat' dir='ltr'><strong>aliove,</strong></span> <span class='ocrx_word' id='word_1_118' title='bbox 756 1956 913 2021; x_wconf 91' lang='lat' dir='ltr'><strong>interdum</strong></span> <span class='ocrx_word' id='word_1_119' title='bbox 938 1958 977 2022; x_wconf 91' lang='lat' dir='ltr'><strong>ab</strong></span> <span class='ocrx_word' id='word_1_120' title='bbox 1004 1957 1106 2040; x_wconf 89' lang='lat' dir='ltr'><strong>aliquo</strong></span> 
     </span>
     <span class='ocr_line' id='line_1_17' title="bbox 5 2027 1113 2162; baseline 0.005 -41"><span class='ocrx_word' id='word_1_121' title='bbox 5 2027 7 2162; x_wconf 53' lang='lat' dir='ltr'><strong>l</strong></span> <span class='ocrx_word' id='word_1_122' title='bbox 32 2077 151 2135; x_wconf 84' lang='lat' dir='ltr'><strong>eorum,</strong></span> <span class='ocrx_word' id='word_1_123' title='bbox 177 2060 229 2141; x_wconf 93' lang='lat' dir='ltr'><strong>qui</strong></span> <span class='ocrx_word' id='word_1_124' title='bbox 251 2079 348 2143; x_wconf 88' lang='lat' dir='ltr'><strong>nuper</strong></span> <span class='ocrx_word' id='word_1_125' title='bbox 376 2060 408 2126; x_wconf 91' lang='lat' dir='ltr'><strong>in</strong></span> <span class='ocrx_word' id='word_1_126' title='bbox 438 2062 538 2129; x_wconf 84' lang='lat' dir='ltr'><strong>Taciti</strong></span> <span class='ocrx_word' id='word_1_127' title='bbox 562 2061 683 2145; x_wconf 90' lang='lat' dir='ltr'><strong>scriptis</strong></span> <span class='ocrx_word' id='word_1_128' title='bbox 706 2062 912 2140; x_wconf 83' lang='lat' dir='ltr'><strong>elaborarunt,</strong></span> <span class='ocrx_word' id='word_1_129' title='bbox 937 2064 1113 2146; x_wconf 66' lang='lat' dir='ltr'><strong>praeceptas&#39;</strong></span> 
     </span>
    </p>
   </div>
   <div class='ocr_carea' id='block_1_3' title="bbox 4 2164 1103 2252">
    <p class='ocr_par' dir='ltr' id='par_1_3' title="bbox 4 2164 1103 2252">
     <span class='ocr_line' id='line_1_18' title="bbox 4 2164 1103 2252; baseline 0.004 -25"><span class='ocrx_word' id='word_1_130' title='bbox 4 2167 6 2252; x_wconf 53' lang='grc' dir='ltr'><em>ᾗ</em></span> <span class='ocrx_word' id='word_1_131' title='bbox 34 2164 243 2248; x_wconf 85' lang='lat' dir='ltr'><strong>intelligerem</strong></span> <span class='ocrx_word' id='word_1_132' title='bbox 265 2186 405 2251; x_wconf 83' lang='lat' dir='ltr'><strong>saepeque</strong></span> <span class='ocrx_word' id='word_1_133' title='bbox 428 2169 555 2234; x_wconf 87' lang='lat' dir='ltr'><strong>mirarer</strong></span> <span class='ocrx_word' id='word_1_134' title='bbox 570 2188 629 2233; x_wconf 93' lang='lat' dir='ltr'><strong>non</strong></span> <span class='ocrx_word' id='word_1_135' title='bbox 646 2169 763 2251; x_wconf 89' lang='lat' dir='ltr'><strong>pridem</strong></span> <span class='ocrx_word' id='word_1_136' title='bbox 778 2168 811 2232; x_wconf 94' lang='lat' dir='ltr'><strong>in</strong></span> <span class='ocrx_word' id='word_1_137' title='bbox 826 2169 971 2233; x_wconf 79' lang='lat' dir='ltr'><strong>contextu</strong></span> <span class='ocrx_word' id='word_1_138' title='bbox 985 2170 1103 2250; x_wconf 89' lang='lat' dir='ltr'><strong>positas</strong></span> 
     </span>
    </p>
   </div>
   <div class='ocr_carea' id='block_1_4' title="bbox 34 2272 1109 2578">
    <p class='ocr_par' dir='ltr' id='par_1_4' title="bbox 34 2272 1109 2578">
     <span class='ocr_line' id='line_1_19' title="bbox 35 2272 1108 2351; baseline 0.001 -16"><span class='ocrx_word' id='word_1_139' title='bbox 35 2291 102 2338; x_wconf 88' lang='lat' dir='ltr'><strong>esse</strong></span> <span class='ocrx_word' id='word_1_140' title='bbox 126 2272 218 2348; x_wconf 87' lang='lat' dir='ltr'><strong>(adeo</strong></span> <span class='ocrx_word' id='word_1_141' title='bbox 240 2273 317 2338; x_wconf 90' lang='lat' dir='ltr'><strong>mihi</strong></span> <span class='ocrx_word' id='word_1_142' title='bbox 339 2275 445 2340; x_wconf 86' lang='lat' dir='ltr'><strong>multae</strong></span> <span class='ocrx_word' id='word_1_143' title='bbox 469 2294 574 2341; x_wconf 87' lang='lat' dir='ltr'><strong>earnm</strong></span> <span class='ocrx_word' id='word_1_144' title='bbox 595 2277 685 2341; x_wconf 85' lang='lat' dir='ltr'><strong>certae</strong></span> <span class='ocrx_word' id='word_1_145' title='bbox 707 2275 914 2351; x_wconf 83' lang='lat' dir='ltr'><strong>videbantur),</strong></span> <span class='ocrx_word' id='word_1_146' title='bbox 943 2273 1108 2338; x_wconf 87' lang='lat' dir='ltr'><strong>nonnullas</strong></span> 
     </span>
     <span class='ocr_line' id='line_1_20' title="bbox 34 2378 1109 2463; baseline 0.001 -22"><span class='ocrx_word' id='word_1_147' title='bbox 34 2397 132 2461; x_wconf 88' lang='lat' dir='ltr'><strong>nuper</strong></span> <span class='ocrx_word' id='word_1_148' title='bbox 154 2379 232 2458; x_wconf 89' lang='lat' dir='ltr'><strong>loco,</strong></span> <span class='ocrx_word' id='word_1_149' title='bbox 257 2398 346 2462; x_wconf 89' lang='lat' dir='ltr'><strong>quem</strong></span> <span class='ocrx_word' id='word_1_150' title='bbox 369 2381 550 2461; x_wconf 89' lang='lat' dir='ltr'><strong>tenuissent,</strong></span> <span class='ocrx_word' id='word_1_151' title='bbox 577 2381 692 2463; x_wconf 87' lang='lat' dir='ltr'><strong>pulsus,</strong></span> <span class='ocrx_word' id='word_1_152' title='bbox 723 2381 801 2447; x_wconf 88' lang='lat' dir='ltr'><strong>elias</strong></span> <span class='ocrx_word' id='word_1_153' title='bbox 830 2399 954 2461; x_wconf 86' lang='lat' dir='ltr'><strong>prorsus</strong></span> <span class='ocrx_word' id='word_1_154' title='bbox 980 2378 1109 2443; x_wconf 90' lang='lat' dir='ltr'><strong>silentio</strong></span> 
     </span>
     <span class='ocr_line' id='line_1_21' title="bbox 35 2471 1109 2578; baseline 0.001 -30"><span class='ocrx_word' id='word_1_155' title='bbox 35 2471 215 2562; x_wconf 83' lang='lat' dir='ltr'><strong>omissas.*)</strong></span> <span class='ocrx_word' id='word_1_156' title='bbox 259 2485 317 2550; x_wconf 89' lang='lat' dir='ltr'><strong>Sed</strong></span> <span class='ocrx_word' id='word_1_157' title='bbox 348 2489 467 2578; x_wconf 77' lang='lat' dir='ltr'><strong>prater</strong></span> <span class='ocrx_word' id='word_1_158' title='bbox 487 2506 538 2552; x_wconf 89' lang='lat' dir='ltr'><strong>aas</strong></span> <span class='ocrx_word' id='word_1_159' title='bbox 568 2488 806 2565; x_wconf 80' lang='lat' dir='ltr'><strong>emendationes,</strong></span> <span class='ocrx_word' id='word_1_160' title='bbox 836 2486 869 2552; x_wconf 93' lang='lat' dir='ltr'><strong>in</strong></span> <span class='ocrx_word' id='word_1_161' title='bbox 899 2487 1009 2568; x_wconf 89' lang='lat' dir='ltr'><strong>quibus</strong></span> <span class='ocrx_word' id='word_1_162' title='bbox 1032 2504 1109 2549; x_wconf 80' lang='lat' dir='ltr'><strong>con·</strong></span> 
     </span>
    </p>
   </div>
   <div class='ocr_carea' id='block_1_5' title="bbox 4 2709 1129 4173">
    <p class='ocr_par' dir='ltr' id='par_1_5' title="bbox 4 2709 1129 4173">
     <span class='ocr_line' id='line_1_22' title="bbox 4 2709 1106 2780; baseline 0.002 -17"><span class='ocrx_word' id='word_1_163' title='bbox 4 2775 5 2778; x_wconf 7' lang='grc' dir='ltr'><strong>Ἰ</strong></span> <span class='ocrx_word' id='word_1_164' title='bbox 86 2709 113 2778; x_wconf 83' lang='grc'><strong>*)</strong></span> <span class='ocrx_word' id='word_1_165' title='bbox 135 2710 207 2776; x_wconf 76' lang='lat' dir='ltr'><strong>Quid</strong></span> <span class='ocrx_word' id='word_1_166' title='bbox 237 2711 359 2777; x_wconf 89' lang='lat' dir='ltr'><strong>sentiam,</strong></span> <span class='ocrx_word' id='word_1_167' title='bbox 388 2726 468 2778; x_wconf 89' lang='lat' dir='ltr'><strong>quam</strong></span> <span class='ocrx_word' id='word_1_168' title='bbox 496 2710 632 2766; x_wconf 88' lang='lat' dir='ltr'><strong>editorum</strong></span> <span class='ocrx_word' id='word_1_169' title='bbox 659 2712 821 2780; x_wconf 88' lang='lat' dir='ltr'><strong>patientiam</strong></span> <span class='ocrx_word' id='word_1_170' title='bbox 850 2715 878 2765; x_wconf 90' lang='lat' dir='ltr'><strong>et</strong></span> <span class='ocrx_word' id='word_1_171' title='bbox 906 2726 968 2778; x_wconf 91' lang='lat' dir='ltr'><strong>quae</strong></span> <span class='ocrx_word' id='word_1_172' title='bbox 997 2709 1106 2766; x_wconf 88' lang='lat' dir='ltr'><strong>tacendi</strong></span> 
     </span>
     <span class='ocr_line' id='line_1_23' title="bbox 137 2801 1104 2872; baseline 0.004 -16"><span class='ocrx_word' id='word_1_173' title='bbox 137 2801 238 2871; x_wconf 81' lang='lat' dir='ltr'><strong>effugia</strong></span> <span class='ocrx_word' id='word_1_174' title='bbox 264 2818 320 2856; x_wconf 90' lang='lat' dir='ltr'><strong>non</strong></span> <span class='ocrx_word' id='word_1_175' title='bbox 346 2802 442 2871; x_wconf 85' lang='lat' dir='ltr'><strong>leram,</strong></span> <span class='ocrx_word' id='word_1_176' title='bbox 470 2805 585 2872; x_wconf 82' lang='lat' dir='ltr'><strong>exempli</strong></span> <span class='ocrx_word' id='word_1_177' title='bbox 613 2819 697 2859; x_wconf 86' lang='lat' dir='ltr'><strong>causa</strong></span> <span class='ocrx_word' id='word_1_178' title='bbox 723 2804 752 2858; x_wconf 90' lang='lat' dir='ltr'><strong>in</strong></span> <span class='ocrx_word' id='word_1_179' title='bbox 779 2820 833 2858; x_wconf 90' lang='lat' dir='ltr'><strong>unc</strong></span> <span class='ocrx_word' id='word_1_180' title='bbox 860 2804 941 2871; x_wconf 90' lang='lat' dir='ltr'><strong>primi</strong></span> <span class='ocrx_word' id='word_1_181' title='bbox 969 2805 1104 2860; x_wconf 88' lang='lat' dir='ltr'><strong>annalium</strong></span> 
     </span>
     <span class='ocr_line' id='line_1_24' title="bbox 136 2895 1104 2968; baseline 0.005 -20"><span class='ocrx_word' id='word_1_182' title='bbox 136 2895 198 2949; x_wconf 89' lang='lat' dir='ltr'><strong>libri</strong></span> <span class='ocrx_word' id='word_1_183' title='bbox 225 2896 286 2950; x_wconf 88' lang='lat' dir='ltr'><strong>loco</strong></span> <span class='ocrx_word' id='word_1_184' title='bbox 314 2897 409 2965; x_wconf 90' lang='lat' dir='ltr'><strong>paucis</strong></span> <span class='ocrx_word' id='word_1_185' title='bbox 437 2897 531 2951; x_wconf 90' lang='lat' dir='ltr'><strong>verbis</strong></span> <span class='ocrx_word' id='word_1_186' title='bbox 558 2897 713 2953; x_wconf 85' lang='lat' dir='ltr'><strong>declarabo.</strong></span> <span class='ocrx_word' id='word_1_187' title='bbox 758 2896 828 2954; x_wconf 85' lang='lat' dir='ltr'><strong>Nam</strong></span> <span class='ocrx_word' id='word_1_188' title='bbox 847 2913 869 2952; x_wconf 93' lang='lat' dir='ltr'><strong>c.</strong></span> <span class='ocrx_word' id='word_1_189' title='bbox 888 2897 932 2966; x_wconf 83' lang='lat'><strong>44,</strong></span> <span class='ocrx_word' id='word_1_190' title='bbox 959 2905 1104 2968; x_wconf 86' lang='lat' dir='ltr'><strong>postquam</strong></span> 
     </span>
     <span class='ocr_line' id='line_1_25' title="bbox 137 2988 1104 3062; baseline 0.006 -22"><span class='ocrx_word' id='word_1_191' title='bbox 137 2988 246 3043; x_wconf 87' lang='lat' dir='ltr'><strong>Tacitus</strong></span> <span class='ocrx_word' id='word_1_192' title='bbox 265 2989 402 3056; x_wconf 90' lang='lat' dir='ltr'><strong>legionum</strong></span> <span class='ocrx_word' id='word_1_193' title='bbox 425 2989 588 3044; x_wconf 89' lang='lat' dir='ltr'><strong>seditionem</strong></span> <span class='ocrx_word' id='word_1_194' title='bbox 612 3007 796 3059; x_wconf 87' lang='lat' dir='ltr'><strong>compressam</strong></span> <span class='ocrx_word' id='word_1_195' title='bbox 816 3007 877 3046; x_wconf 88' lang='lat' dir='ltr'><strong>esse</strong></span> <span class='ocrx_word' id='word_1_196' title='bbox 896 3000 925 3046; x_wconf 89' lang='lat' dir='ltr'><strong>et</strong></span> <span class='ocrx_word' id='word_1_197' title='bbox 943 2993 1104 3062; x_wconf 89' lang='lat' dir='ltr'><strong>supplicium</strong></span> 
     </span>
     <span class='ocr_line' id='line_1_26' title="bbox 137 3081 1110 3152; baseline 0 -18"><span class='ocrx_word' id='word_1_198' title='bbox 137 3081 170 3135; x_wconf 89' lang='lat' dir='ltr'><strong>de</strong></span> <span class='ocrx_word' id='word_1_199' title='bbox 190 3081 333 3137; x_wconf 85' lang='lat' dir='ltr'><strong>seditionis</strong></span> <span class='ocrx_word' id='word_1_200' title='bbox 352 3083 509 3137; x_wconf 85' lang='lat' dir='ltr'><strong>auctoribus</strong></span> <span class='ocrx_word' id='word_1_201' title='bbox 528 3083 563 3136; x_wconf 86' lang='lat' dir='ltr'><strong>ab</strong></span> <span class='ocrx_word' id='word_1_202' title='bbox 582 3083 649 3152; x_wconf 88' lang='lat' dir='ltr'><strong>ipsis</strong></span> <span class='ocrx_word' id='word_1_203' title='bbox 667 3083 799 3137; x_wconf 86' lang='lat' dir='ltr'><strong>militibus</strong></span> <span class='ocrx_word' id='word_1_204' title='bbox 822 3091 957 3152; x_wconf 89' lang='lat' dir='ltr'><strong>sumptum</strong></span> <span class='ocrx_word' id='word_1_205' title='bbox 975 3088 1110 3152; x_wconf 82' lang='lat' dir='ltr'><strong>narravit,</strong></span> 
     </span>
     <span class='ocr_line' id='line_1_27' title="bbox 138 3175 1102 3245; baseline 0.001 -16"><span class='ocrx_word' id='word_1_206' title='bbox 138 3175 178 3230; x_wconf 89' lang='lat' dir='ltr'><strong>sic</strong></span> <span class='ocrx_word' id='word_1_207' title='bbox 201 3175 235 3229; x_wconf 92' lang='lat' dir='ltr'><strong>de</strong></span> <span class='ocrx_word' id='word_1_208' title='bbox 259 3175 420 3230; x_wconf 84' lang='lat' dir='ltr'><strong>Germanico</strong></span> <span class='ocrx_word' id='word_1_209' title='bbox 449 3175 590 3230; x_wconf 87' lang='lat' dir='ltr'><strong>scribitur:</strong></span> <span class='ocrx_word' id='word_1_210' title='bbox 619 3176 895 3230; x_wconf 77' lang='lat' dir='ltr'><strong>centurionatum</strong></span> <span class='ocrx_word' id='word_1_211' title='bbox 922 3176 999 3230; x_wconf 87' lang='lat' dir='ltr'><strong>inde</strong></span> <span class='ocrx_word' id='word_1_212' title='bbox 1027 3178 1102 3245; x_wconf 88' lang='lat' dir='ltr'><strong>egit.</strong></span> 
     </span>
     <span class='ocr_line' id='line_1_28' title="bbox 135 3267 1129 3324; baseline 0 -3"><span class='ocrx_word' id='word_1_213' title='bbox 135 3267 276 3322; x_wconf 86' lang='lat' dir='ltr'><strong>Enarrant</strong></span> <span class='ocrx_word' id='word_1_214' title='bbox 305 3269 495 3324; x_wconf 86' lang='lat' dir='ltr'><strong>Germanicum</strong></span> <span class='ocrx_word' id='word_1_215' title='bbox 529 3284 671 3323; x_wconf 88' lang='lat' dir='ltr'><strong>censuram</strong></span> <span class='ocrx_word' id='word_1_216' title='bbox 703 3268 889 3323; x_wconf 88' lang='lat' dir='ltr'><strong>centurionum</strong></span> <span class='ocrx_word' id='word_1_217' title='bbox 926 3273 954 3321; x_wconf 92' lang='lat' dir='ltr'><strong>et</strong></span> <span class='ocrx_word' id='word_1_218' title='bbox 990 3285 1103 3323; x_wconf 86' lang='lat' dir='ltr'><strong>examen</strong></span> <span class='ocrx_word' id='word_1_219' title='bbox 1127 3275 1129 3281; x_wconf 82' lang='grc'><em>’</em></span> 
     </span>
     <span class='ocr_line' id='line_1_29' title="bbox 135 3359 1103 3430; baseline -0.003 -15"><span class='ocrx_word' id='word_1_220' title='bbox 135 3361 284 3430; x_wconf 81' lang='lat' dir='ltr'><strong>peregisse,</strong></span> <span class='ocrx_word' id='word_1_221' title='bbox 302 3363 349 3428; x_wconf 93' lang='lat' dir='ltr'><strong>qui</strong></span> <span class='ocrx_word' id='word_1_222' title='bbox 368 3362 513 3430; x_wconf 87' lang='lat' dir='ltr'><strong>retinendi,</strong></span> <span class='ocrx_word' id='word_1_223' title='bbox 533 3362 580 3430; x_wconf 90' lang='lat' dir='ltr'><strong>qui</strong></span> <span class='ocrx_word' id='word_1_224' title='bbox 597 3363 659 3417; x_wconf 88' lang='lat' dir='ltr'><strong>loco</strong></span> <span class='ocrx_word' id='word_1_225' title='bbox 679 3360 805 3415; x_wconf 90' lang='lat' dir='ltr'><strong>movendi</strong></span> <span class='ocrx_word' id='word_1_226' title='bbox 818 3374 952 3429; x_wconf 84' lang='lat' dir='ltr'><strong>poenaque</strong></span> <span class='ocrx_word' id='word_1_227' title='bbox 964 3359 1103 3414; x_wconf 86' lang='lat' dir='ltr'><strong>efficiendi</strong></span> 
     </span>
     <span class='ocr_line' id='line_1_30' title="bbox 137 3453 1103 3524; baseline -0.005 -15"><span class='ocrx_word' id='word_1_228' title='bbox 137 3461 240 3509; x_wconf 90' lang='lat' dir='ltr'><strong>essent.</strong></span> <span class='ocrx_word' id='word_1_229' title='bbox 285 3454 380 3524; x_wconf 86' lang='lat' dir='ltr'><strong>Neque</strong></span> <span class='ocrx_word' id='word_1_230' title='bbox 408 3455 555 3522; x_wconf 86' lang='lat' dir='ltr'><strong>dubitatur,</strong></span> <span class='ocrx_word' id='word_1_231' title='bbox 584 3455 649 3523; x_wconf 93' lang='lat' dir='ltr'><strong>quin</strong></span> <span class='ocrx_word' id='word_1_232' title='bbox 676 3470 736 3509; x_wconf 91' lang='lat' dir='ltr'><strong>cam</strong></span> <span class='ocrx_word' id='word_1_233' title='bbox 762 3469 820 3506; x_wconf 90' lang='lat' dir='ltr'><strong>rem</strong></span> <span class='ocrx_word' id='word_1_234' title='bbox 848 3453 960 3506; x_wconf 87' lang='lat' dir='ltr'><strong>Tacitus</strong></span> <span class='ocrx_word' id='word_1_235' title='bbox 987 3453 1103 3521; x_wconf 85' lang='lat' dir='ltr'><strong>intelligi</strong></span> 
     </span>
     <span class='ocr_line' id='line_1_31' title="bbox 136 3546 1103 3617; baseline -0.002 -17"><span class='ocrx_word' id='word_1_236' title='bbox 136 3548 258 3602; x_wconf 89' lang='lat' dir='ltr'><strong>voluerit.</strong></span> <span class='ocrx_word' id='word_1_237' title='bbox 297 3549 397 3602; x_wconf 90' lang='lat' dir='ltr'><strong>Verum</strong></span> <span class='ocrx_word' id='word_1_238' title='bbox 416 3549 438 3602; x_wconf 91' lang='lat' dir='ltr'><strong>si</strong></span> <span class='ocrx_word' id='word_1_239' title='bbox 451 3548 515 3617; x_wconf 88' lang='lat' dir='ltr'><strong>quid</strong></span> <span class='ocrx_word' id='word_1_240' title='bbox 528 3549 596 3602; x_wconf 91' lang='lat' dir='ltr'><strong>certi</strong></span> <span class='ocrx_word' id='word_1_241' title='bbox 609 3549 638 3602; x_wconf 96' lang='lat' dir='ltr'><strong>in</strong></span> <span class='ocrx_word' id='word_1_242' title='bbox 652 3547 786 3602; x_wconf 86' lang='lat' dir='ltr'><strong>sermonis</strong></span> <span class='ocrx_word' id='word_1_243' title='bbox 799 3561 849 3600; x_wconf 91' lang='lat' dir='ltr'><strong>usu</strong></span> <span class='ocrx_word' id='word_1_244' title='bbox 863 3551 913 3613; x_wconf 91' lang='lat' dir='ltr'><strong>est,</strong></span> <span class='ocrx_word' id='word_1_245' title='bbox 925 3546 1103 3601; x_wconf 89' lang='lat' dir='ltr'><strong>certissimum</strong></span> 
     </span>
     <span class='ocr_line' id='line_1_32' title="bbox 137 3639 1109 3709; baseline -0.003 -14"><span class='ocrx_word' id='word_1_246' title='bbox 137 3649 188 3708; x_wconf 89' lang='lat' dir='ltr'><strong>est,</strong></span> <span class='ocrx_word' id='word_1_247' title='bbox 207 3641 464 3696; x_wconf 87' lang='lat' dir='ltr'><strong>centurionatus</strong></span> <span class='ocrx_word' id='word_1_248' title='bbox 492 3641 664 3709; x_wconf 87' lang='lat' dir='ltr'><strong>vocabulum,</strong></span> <span class='ocrx_word' id='word_1_249' title='bbox 693 3641 788 3696; x_wconf 86' lang='lat' dir='ltr'><strong>eadem</strong></span> <span class='ocrx_word' id='word_1_250' title='bbox 816 3641 922 3694; x_wconf 84' lang='lat' dir='ltr'><strong>ratione</strong></span> <span class='ocrx_word' id='word_1_251' title='bbox 949 3639 1109 3706; x_wconf 80' lang='lat' dir='ltr'><strong>formatum,</strong></span> 
     </span>
     <span class='ocr_line' id='line_1_33' title="bbox 136 3733 1102 3803; baseline -0.005 -14"><span class='ocrx_word' id='word_1_252' title='bbox 136 3751 191 3802; x_wconf 90' lang='lat' dir='ltr'><strong>qua</strong></span> <span class='ocrx_word' id='word_1_253' title='bbox 218 3734 471 3802; x_wconf 86' lang='lat' dir='ltr'><strong>decurionatus,</strong></span> <span class='ocrx_word' id='word_1_254' title='bbox 499 3735 696 3803; x_wconf 90' lang='lat' dir='ltr'><strong>optionatus</strong></span> <span class='ocrx_word' id='word_1_255' title='bbox 724 3739 751 3787; x_wconf 91' lang='lat' dir='ltr'><strong>et</strong></span> <span class='ocrx_word' id='word_1_256' title='bbox 779 3737 858 3786; x_wconf 85' lang='lat' dir='ltr'><strong>extra</strong></span> <span class='ocrx_word' id='word_1_257' title='bbox 880 3747 938 3786; x_wconf 92' lang='lat' dir='ltr'><strong>rem</strong></span> <span class='ocrx_word' id='word_1_258' title='bbox 957 3733 1102 3787; x_wconf 90' lang='lat' dir='ltr'><strong>militarem</strong></span> 
     </span>
     <span class='ocr_line' id='line_1_34' title="bbox 136 3823 1101 3895; baseline -0.003 -15"><span class='ocrx_word' id='word_1_259' title='bbox 136 3827 347 3895; x_wconf 88' lang='lat' dir='ltr'><strong>consulatus,</strong></span> <span class='ocrx_word' id='word_1_260' title='bbox 375 3827 582 3894; x_wconf 88' lang='lat' dir='ltr'><strong>tribunatus,</strong></span> <span class='ocrx_word' id='word_1_261' title='bbox 605 3825 853 3880; x_wconf 87' lang='lat' dir='ltr'><strong>decemviratus</strong></span> <span class='ocrx_word' id='word_1_262' title='bbox 877 3826 985 3894; x_wconf 89' lang='lat' dir='ltr'><strong>aliaque</strong></span> <span class='ocrx_word' id='word_1_263' title='bbox 1009 3823 1101 3893; x_wconf 87' lang='lat' dir='ltr'><strong>appel·</strong></span> 
     </span>
     <span class='ocr_line' id='line_1_35' title="bbox 136 3915 1102 3988; baseline -0.007 -14"><span class='ocrx_word' id='word_1_264' title='bbox 136 3921 235 3988; x_wconf 83' lang='lat' dir='ltr'><strong>lentur,</strong></span> <span class='ocrx_word' id='word_1_265' title='bbox 254 3921 322 3974; x_wconf 92' lang='lat' dir='ltr'><strong>nihil</strong></span> <span class='ocrx_word' id='word_1_266' title='bbox 342 3919 416 3975; x_wconf 88' lang='lat' dir='ltr'><strong>aliud</strong></span> <span class='ocrx_word' id='word_1_267' title='bbox 434 3918 588 3986; x_wconf 86' lang='lat' dir='ltr'><strong>significare</strong></span> <span class='ocrx_word' id='word_1_268' title='bbox 607 3919 661 3973; x_wconf 89' lang='lat' dir='ltr'><strong>nisi</strong></span> <span class='ocrx_word' id='word_1_269' title='bbox 678 3919 767 3973; x_wconf 94' lang='lat' dir='ltr'><strong>locum</strong></span> <span class='ocrx_word' id='word_1_270' title='bbox 787 3925 815 3973; x_wconf 92' lang='lat' dir='ltr'><strong>et</strong></span> <span class='ocrx_word' id='word_1_271' title='bbox 826 3933 924 3972; x_wconf 89' lang='lat' dir='ltr'><strong>munus</strong></span> <span class='ocrx_word' id='word_1_272' title='bbox 937 3915 1102 3973; x_wconf 90' lang='lat' dir='ltr'><strong>centurionis</strong></span> 
     </span>
     <span class='ocr_line' id='line_1_36' title="bbox 136 4009 1102 4081; baseline -0.008 -15"><span class='ocrx_word' id='word_1_273' title='bbox 136 4020 169 4081; x_wconf 90' lang='lat' dir='ltr'><strong>et,</strong></span> <span class='ocrx_word' id='word_1_274' title='bbox 189 4014 212 4068; x_wconf 88' lang='lat' dir='ltr'><strong>si</strong></span> <span class='ocrx_word' id='word_1_275' title='bbox 231 4013 396 4067; x_wconf 88' lang='lat' dir='ltr'><strong>declinatum</strong></span> <span class='ocrx_word' id='word_1_276' title='bbox 419 4011 540 4066; x_wconf 89' lang='lat' dir='ltr'><strong>nonnihil</strong></span> <span class='ocrx_word' id='word_1_277' title='bbox 563 4027 580 4065; x_wconf 88' lang='lat' dir='ltr'><strong>a</strong></span> <span class='ocrx_word' id='word_1_278' title='bbox 602 4012 691 4081; x_wconf 89' lang='lat' dir='ltr'><strong>prima</strong></span> <span class='ocrx_word' id='word_1_279' title='bbox 714 4011 908 4080; x_wconf 87' lang='lat' dir='ltr'><strong>significatione</strong></span> <span class='ocrx_word' id='word_1_280' title='bbox 928 4009 1102 4073; x_wconf 88' lang='lat' dir='ltr'><strong>concedatur,</strong></span> 
     </span>
     <span class='ocr_line' id='line_1_37' title="bbox 135 4103 1103 4173; baseline -0.01 -12"><span class='ocrx_word' id='word_1_281' title='bbox 135 4113 226 4161; x_wconf 75' lang='lat' dir='ltr'><strong>mmen</strong></span> <span class='ocrx_word' id='word_1_282' title='bbox 244 4106 319 4161; x_wconf 90' lang='lat' dir='ltr'><strong>nullo</strong></span> <span class='ocrx_word' id='word_1_283' title='bbox 338 4105 418 4160; x_wconf 90' lang='lat' dir='ltr'><strong>modo</strong></span> <span class='ocrx_word' id='word_1_284' title='bbox 437 4105 465 4158; x_wconf 91' lang='lat' dir='ltr'><strong>in</strong></span> <span class='ocrx_word' id='word_1_285' title='bbox 484 4111 666 4172; x_wconf 84' lang='lat' dir='ltr'><strong>campartem</strong></span> <span class='ocrx_word' id='word_1_286' title='bbox 690 4103 796 4159; x_wconf 85' lang='lat' dir='ltr'><strong>deflecti</strong></span> <span class='ocrx_word' id='word_1_287' title='bbox 819 4105 949 4173; x_wconf 88' lang='lat' dir='ltr'><strong>potuisse,</strong></span> <span class='ocrx_word' id='word_1_288' title='bbox 971 4103 999 4155; x_wconf 92' lang='lat' dir='ltr'><strong>in</strong></span> <span class='ocrx_word' id='word_1_289' title='bbox 1020 4114 1103 4167; x_wconf 89' lang='lat' dir='ltr'><strong>quam</strong></span> 
     </span>
    </p>
   </div>
   <div class='ocr_carea' id='block_1_6' title="bbox 0 0 1374 4572">
    <p class='ocr_par' dir='ltr' id='par_1_6' title="bbox 0 0 1374 4572">
     <span class='ocr_line' id='line_1_38' title="bbox 0 0 1374 4572; baseline 0 2"><span class='ocrx_word' id='word_1_290' title='bbox 0 0 1374 4572; x_wconf 95' lang='lat' dir='ltr'><strong> </strong></span> 
     </span>
    </p>
   </div>
  </div>
 </body>
</html>
