<?xml version="1.0" encoding="UTF-8"?>
<!DOCTYPE html PUBLIC "-//W3C//DTD XHTML 1.0 Transitional//EN"
    "http://www.w3.org/TR/xhtml1/DTD/xhtml1-transitional.dtd">
<html xmlns="http://www.w3.org/1999/xhtml" xml:lang="en" lang="en">
 <head>
  <title>
</title>
<meta http-equiv="Content-Type" content="text/html;charset=utf-8" />
  <meta name='ocr-system' content='tesseract 3.04.00' />
  <meta name='ocr-capabilities' content='ocr_page ocr_carea ocr_par ocr_line ocrx_word'/>
</head>
<body>
  <div class='ocr_page' id='page_1' title='image "./adversariacriti01madvgoog_0024.png"; bbox 0 0 2728 4582; ppageno 0'>
   <div class='ocr_carea' id='block_1_1' title="bbox 377 251 1105 368">
    <p class='ocr_par' dir='ltr' id='par_1_1' title="bbox 377 251 1105 368">
     <span class='ocr_line' id='line_1_1' title="bbox 377 251 1105 368; baseline 0.011 -17"><span class='ocrx_word' id='word_1_1' title='bbox 377 313 379 324; x_wconf 72' lang='lat'>¹</span> <span class='ocrx_word' id='word_1_2' title='bbox 490 297 635 368; x_wconf 82' lang='lat' dir='ltr'><strong>Sophoclis</strong></span> <span class='ocrx_word' id='word_1_3' title='bbox 653 299 733 354; x_wconf 70' lang='lat' dir='ltr'><strong>Aion</strong></span> <span class='ocrx_word' id='word_1_4' title='bbox 1035 251 1040 280; x_wconf 46' lang='grc' dir='ltr'>Ι</span> <span class='ocrx_word' id='word_1_5' title='bbox 1066 296 1105 360; x_wconf 82' lang='lat'><strong>13</strong></span> 
     </span>
    </p>
   </div>
   <div class='ocr_carea' id='block_1_2' title="bbox 66 493 1162 3013">
    <p class='ocr_par' dir='ltr' id='par_1_2' title="bbox 67 493 1162 895">
     <span class='ocr_line' id='line_1_2' title="bbox 72 493 1162 577; baseline -0.002 -19"><span class='ocrx_word' id='word_1_6' title='bbox 72 495 220 558; x_wconf 78' lang='lat' dir='ltr'><strong>Fortasse</strong></span> <span class='ocrx_word' id='word_1_7' title='bbox 249 494 393 558; x_wconf 89' lang='lat' dir='ltr'><strong>mendum</strong></span> <span class='ocrx_word' id='word_1_8' title='bbox 423 513 483 560; x_wconf 94' lang='lat' dir='ltr'><strong>non</strong></span> <span class='ocrx_word' id='word_1_9' title='bbox 511 496 594 560; x_wconf 88' lang='lat' dir='ltr'><strong>solus</strong></span> <span class='ocrx_word' id='word_1_10' title='bbox 626 493 784 560; x_wconf 91' lang='lat' dir='ltr'><strong>oculorum</strong></span> <span class='ocrx_word' id='word_1_11' title='bbox 813 513 896 560; x_wconf 89' lang='lat' dir='ltr'><strong>error</strong></span> <span class='ocrx_word' id='word_1_12' title='bbox 928 493 1056 577; x_wconf 83' lang='lat' dir='ltr'><strong>peperit,</strong></span> <span class='ocrx_word' id='word_1_13' title='bbox 1092 493 1162 558; x_wconf 84' lang='lat' dir='ltr'><strong>sed·</strong></span> 
     </span>
     <span class='ocr_line' id='line_1_3' title="bbox 67 582 1148 685; baseline -0.002 -21"><span class='ocrx_word' id='word_1_14' title='bbox 67 599 203 664; x_wconf 84' lang='lat' dir='ltr'><strong>offensio</strong></span> <span class='ocrx_word' id='word_1_15' title='bbox 226 601 257 663; x_wconf 93' lang='lat' dir='ltr'><strong>in</strong></span> <span class='ocrx_word' id='word_1_16' title='bbox 281 582 471 685; x_wconf 71' lang='lat' dir='ltr'><strong>diphthongo</strong></span> <span class='ocrx_word' id='word_1_17' title='bbox 494 601 566 667; x_wconf 89' lang='lat' dir='ltr'><strong>ante</strong></span> <span class='ocrx_word' id='word_1_18' title='bbox 585 601 723 668; x_wconf 86' lang='lat' dir='ltr'><strong>vocalem</strong></span> <span class='ocrx_word' id='word_1_19' title='bbox 749 602 888 681; x_wconf 88' lang='lat' dir='ltr'><strong>correpta</strong></span> <span class='ocrx_word' id='word_1_20' title='bbox 909 599 1072 665; x_wconf 86' lang='lat' dir='ltr'><strong>notissimo</strong></span> <span class='ocrx_word' id='word_1_21' title='bbox 1089 617 1148 664; x_wconf 91' lang='lat' dir='ltr'><strong>usu</strong></span> 
     </span>
     <span class='ocr_line' id='line_1_4' title="bbox 69 707 281 785; baseline -0.005 -13"><span class='ocrx_word' id='word_1_22' title='bbox 69 707 176 785; x_wconf 62' lang='lat' dir='ltr'><strong>(omui</strong></span> <span class='ocrx_word' id='word_1_23' title='bbox 199 708 281 782; x_wconf 74' lang='lat' dir='ltr'><strong>cet).</strong></span> 
     </span>
     <span class='ocr_line' id='line_1_5' title="bbox 230 813 414 895; baseline 0.027 -22"><span class='ocrx_word' id='word_1_24' title='bbox 230 813 310 876; x_wconf 84' lang='lat'>1310</span> <span class='ocrx_word' id='word_1_25' title='bbox 331 831 414 895; x_wconf 87' lang='lat' dir='ltr'><strong>sqq.:</strong></span> 
     </span>
    </p>

    <p class='ocr_par' dir='ltr' id='par_1_3' title="bbox 179 911 895 1004">
     <span class='ocr_line' id='line_1_6' title="bbox 179 911 895 1004; baseline 0 -20"><span class='ocrx_word' id='word_1_26' title='bbox 179 921 252 984; x_wconf 77' lang='grc' dir='ltr'><strong><em>ἐπεὶ</em></strong></span> <span class='ocrx_word' id='word_1_27' title='bbox 277 912 380 985; x_wconf 85' lang='grc' dir='ltr'><strong><em>καλόν</em></strong></span> <span class='ocrx_word' id='word_1_28' title='bbox 401 944 463 1002; x_wconf 81' lang='grc' dir='ltr'><strong>μοι</strong></span> <span class='ocrx_word' id='word_1_29' title='bbox 485 915 578 985; x_wconf 62' lang='grc' dir='ltr'><strong><em>τοῦδ’</em></strong></span> <span class='ocrx_word' id='word_1_30' title='bbox 600 911 895 1004; x_wconf 74' lang='grc' dir='ltr'><strong><em>ὁπερπονουμένῳ</em></strong></span> 
     </span>
    </p>

    <p class='ocr_par' dir='ltr' id='par_1_4' title="bbox 175 1017 977 1111">
     <span class='ocr_line' id='line_1_7' title="bbox 175 1017 977 1111; baseline -0.001 -22"><span class='ocrx_word' id='word_1_31' title='bbox 175 1031 301 1091; x_wconf 75' lang='grc' dir='ltr'><strong><em>θανεῖν</em></strong></span> <span class='ocrx_word' id='word_1_32' title='bbox 322 1021 501 1109; x_wconf 78' lang='grc' dir='ltr'><strong>προδήλως</strong></span> <span class='ocrx_word' id='word_1_33' title='bbox 521 1026 657 1110; x_wconf 81' lang='grc' dir='ltr'><strong><em>μᾶλλον</em></strong></span> <span class='ocrx_word' id='word_1_34' title='bbox 677 1019 699 1111; x_wconf 83' lang='grc' dir='ltr'><em>ἢ</em></span> <span class='ocrx_word' id='word_1_35' title='bbox 721 1027 784 1110; x_wconf 73' lang='grc' dir='ltr'><strong>τῆς</strong></span> <span class='ocrx_word' id='word_1_36' title='bbox 807 1026 869 1109; x_wconf 78' lang='grc' dir='ltr'><strong>σῆς</strong></span> <span class='ocrx_word' id='word_1_37' title='bbox 891 1017 977 1110; x_wconf 74' lang='grc' dir='ltr'><strong>ὑπὲρ</strong></span> 
     </span>
    </p>

    <p class='ocr_par' dir='ltr' id='par_1_5' title="bbox 66 1124 1148 2258">
     <span class='ocr_line' id='line_1_8' title="bbox 176 1124 925 1219; baseline -0.003 -21"><span class='ocrx_word' id='word_1_38' title='bbox 176 1124 338 1219; x_wconf 72' lang='grc' dir='ltr'><strong><em>γυναικός</em></strong></span> <span class='ocrx_word' id='word_1_39' title='bbox 359 1127 382 1217; x_wconf 78' lang='grc' dir='ltr'><em>ἢ</em></span> <span class='ocrx_word' id='word_1_40' title='bbox 404 1132 467 1199; x_wconf 75' lang='grc' dir='ltr'><strong>τοῦ</strong></span> <span class='ocrx_word' id='word_1_41' title='bbox 490 1133 552 1200; x_wconf 77' lang='grc' dir='ltr'><strong>σοῦ</strong></span> <span class='ocrx_word' id='word_1_42' title='bbox 577 1125 809 1217; x_wconf 74' lang='grc' dir='ltr'><strong><em>θ’ὁμαίμονος</em></strong></span> <span class='ocrx_word' id='word_1_43' title='bbox 833 1134 925 1217; x_wconf 75' lang='grc' dir='ltr'><strong><em>λέγω.</em></strong></span> 
     </span>
     <span class='ocr_line' id='line_1_9' title="bbox 70 1236 1146 1322; baseline -0.004 -19"><span class='ocrx_word' id='word_1_44' title='bbox 70 1239 217 1304; x_wconf 81' lang='lat' dir='ltr'><strong>Primum</strong></span> <span class='ocrx_word' id='word_1_45' title='bbox 250 1239 281 1303; x_wconf 93' lang='lat' dir='ltr'><strong>in</strong></span> <span class='ocrx_word' id='word_1_46' title='bbox 316 1258 350 1302; x_wconf 88' lang='lat' dir='ltr'><strong>eo</strong></span> <span class='ocrx_word' id='word_1_47' title='bbox 382 1238 522 1313; x_wconf 82' lang='lat' dir='ltr'><strong>haeretur,</strong></span> <span class='ocrx_word' id='word_1_48' title='bbox 557 1241 637 1322; x_wconf 89' lang='lat' dir='ltr'><strong>quod</strong></span> <span class='ocrx_word' id='word_1_49' title='bbox 671 1239 791 1303; x_wconf 81' lang='lat' dir='ltr'>Teucer</span> <span class='ocrx_word' id='word_1_50' title='bbox 827 1237 944 1303; x_wconf 93' lang='lat' dir='ltr'><strong>bellum</strong></span> <span class='ocrx_word' id='word_1_51' title='bbox 979 1236 1146 1301; x_wconf 86' lang='lat' dir='ltr'><strong>Troianum</strong></span> 
     </span>
     <span class='ocr_line' id='line_1_10' title="bbox 66 1339 1147 1428; baseline -0.004 -19"><span class='ocrx_word' id='word_1_52' title='bbox 66 1344 250 1427; x_wconf 84' lang='lat' dir='ltr'><strong>significare</strong></span> <span class='ocrx_word' id='word_1_53' title='bbox 282 1343 406 1408; x_wconf 85' lang='lat' dir='ltr'><strong>uidetur</strong></span> <span class='ocrx_word' id='word_1_54' title='bbox 438 1345 476 1408; x_wconf 86' lang='lat' dir='ltr'><strong>de</strong></span> <span class='ocrx_word' id='word_1_55' title='bbox 503 1345 746 1428; x_wconf 82' lang='lat' dir='ltr'>Agamemnonis</span> <span class='ocrx_word' id='word_1_56' title='bbox 776 1363 868 1410; x_wconf 81' lang='lat' dir='ltr'><strong>uxore</strong></span> <span class='ocrx_word' id='word_1_57' title='bbox 895 1344 971 1428; x_wconf 78' lang='lat' dir='ltr'><strong>geri,</strong></span> <span class='ocrx_word' id='word_1_58' title='bbox 1005 1339 1086 1424; x_wconf 90' lang='lat' dir='ltr'><strong>quod</strong></span> <span class='ocrx_word' id='word_1_59' title='bbox 1109 1359 1147 1406; x_wconf 90' lang='lat' dir='ltr'><strong>ne</strong></span> 
     </span>
     <span class='ocr_line' id='line_1_11' title="bbox 66 1447 1145 1533; baseline -0.005 -18"><span class='ocrx_word' id='word_1_60' title='bbox 66 1452 155 1515; x_wconf 87' lang='lat' dir='ltr'><strong>irato</strong></span> <span class='ocrx_word' id='word_1_61' title='bbox 183 1450 306 1533; x_wconf 90' lang='lat' dir='ltr'><strong>quidem</strong></span> <span class='ocrx_word' id='word_1_62' title='bbox 336 1451 368 1514; x_wconf 88' lang='lat' dir='ltr'><strong>in</strong></span> <span class='ocrx_word' id='word_1_63' title='bbox 400 1452 538 1516; x_wconf 77' lang='lat' dir='ltr'>mentem</span> <span class='ocrx_word' id='word_1_64' title='bbox 561 1450 664 1516; x_wconf 91' lang='lat' dir='ltr'><strong>venire</strong></span> <span class='ocrx_word' id='word_1_65' title='bbox 686 1452 807 1532; x_wconf 87' lang='lat' dir='ltr'><strong>poterat</strong></span> <span class='ocrx_word' id='word_1_66' title='bbox 829 1449 944 1526; x_wconf 86' lang='lat' dir='ltr'><strong>dicere;</strong></span> <span class='ocrx_word' id='word_1_67' title='bbox 975 1447 1085 1513; x_wconf 90' lang='lat' dir='ltr'><strong>deinde</strong></span> <span class='ocrx_word' id='word_1_68' title='bbox 1113 1447 1145 1511; x_wconf 89' lang='lat' dir='ltr'><strong>in</strong></span> 
     </span>
     <span class='ocr_line' id='line_1_12' title="bbox 67 1554 1145 1639; baseline 0.001 -21"><span class='ocrx_word' id='word_1_69' title='bbox 67 1554 169 1619; x_wconf 88' lang='lat' dir='ltr'><strong>tertio</strong></span> <span class='ocrx_word' id='word_1_70' title='bbox 191 1574 283 1619; x_wconf 86' lang='lat' dir='ltr'><strong>versu</strong></span> <span class='ocrx_word' id='word_1_71' title='bbox 305 1575 404 1639; x_wconf 91' lang='lat' dir='ltr'><strong>neque</strong></span> <span class='ocrx_word' id='word_1_72' title='bbox 421 1558 622 1638; x_wconf 70' lang='lat' dir='ltr'><strong>particulavi</strong></span> <span class='ocrx_word' id='word_1_73' title='bbox 637 1556 775 1639; x_wconf 81' lang='lat' dir='ltr'><strong>expediri</strong></span> <span class='ocrx_word' id='word_1_74' title='bbox 792 1558 905 1638; x_wconf 82' lang='lat' dir='ltr'><strong>potest,</strong></span> <span class='ocrx_word' id='word_1_75' title='bbox 923 1561 954 1619; x_wconf 90' lang='lat' dir='ltr'><strong>et</strong></span> <span class='ocrx_word' id='word_1_76' title='bbox 969 1573 1029 1620; x_wconf 91' lang='lat' dir='ltr'><strong>non</strong></span> <span class='ocrx_word' id='word_1_77' title='bbox 1044 1555 1145 1619; x_wconf 89' lang='lat' dir='ltr'><strong>minus</strong></span> 
     </span>
     <span class='ocr_line' id='line_1_13' title="bbox 72 1659 1146 1745; baseline 0 -21"><span class='ocrx_word' id='word_1_78' title='bbox 72 1678 170 1742; x_wconf 86' lang='lat' dir='ltr'><strong>prave</strong></span> <span class='ocrx_word' id='word_1_79' title='bbox 192 1659 354 1727; x_wconf 80' lang='lat' dir='ltr'>Menelaus</span> <span class='ocrx_word' id='word_1_80' title='bbox 377 1682 430 1745; x_wconf 94' lang='lat' dir='ltr'><strong>pro</strong></span> <span class='ocrx_word' id='word_1_81' title='bbox 449 1662 569 1728; x_wconf 87' lang='lat' dir='ltr'><strong>Helena</strong></span> <span class='ocrx_word' id='word_1_82' title='bbox 598 1663 804 1727; x_wconf 75' lang='lat' dir='ltr'><strong>substituitur.</strong></span> <span class='ocrx_word' id='word_1_83' title='bbox 853 1665 992 1745; x_wconf 83' lang='lat' dir='ltr'><strong>Apparet</strong></span> <span class='ocrx_word' id='word_1_84' title='bbox 1012 1677 1146 1726; x_wconf 87' lang='lat' dir='ltr'><strong>nnamu</strong></span> 
     </span>
     <span class='ocr_line' id='line_1_14' title="bbox 69 1766 1146 1851; baseline 0 -21"><span class='ocrx_word' id='word_1_85' title='bbox 69 1767 192 1832; x_wconf 82' lang='lat' dir='ltr'><strong>Teucro</strong></span> <span class='ocrx_word' id='word_1_86' title='bbox 215 1766 385 1850; x_wconf 88' lang='lat' dir='ltr'><strong>significari</strong></span> <span class='ocrx_word' id='word_1_87' title='bbox 405 1768 557 1834; x_wconf 88' lang='lat' dir='ltr'><strong>Helenam</strong></span> <span class='ocrx_word' id='word_1_88' title='bbox 581 1768 654 1834; x_wconf 89' lang='lat' dir='ltr'><strong>belli</strong></span> <span class='ocrx_word' id='word_1_89' title='bbox 677 1785 810 1841; x_wconf 86' lang='lat' dir='ltr'><strong>causam,</strong></span> <span class='ocrx_word' id='word_1_90' title='bbox 825 1768 889 1843; x_wconf 87' lang='lat' dir='ltr'><strong>sed,</strong></span> <span class='ocrx_word' id='word_1_91' title='bbox 906 1767 986 1851; x_wconf 87' lang='lat' dir='ltr'><strong>quod</strong></span> <span class='ocrx_word' id='word_1_92' title='bbox 1004 1785 1040 1832; x_wconf 85' lang='lat' dir='ltr'><strong>ex</strong></span> <span class='ocrx_word' id='word_1_93' title='bbox 1053 1766 1146 1833; x_wconf 87' lang='lat' dir='ltr'><strong>verbo</strong></span> 
     </span>
     <span class='ocr_line' id='line_1_15' title="bbox 72 1872 1147 1960; baseline -0.002 -22"><span class='ocrx_word' id='word_1_94' title='bbox 72 1875 159 1960; x_wconf 70' lang='grc' dir='ltr'><strong>λέγω</strong></span> <span class='ocrx_word' id='word_1_95' title='bbox 189 1873 382 1956; x_wconf 86' lang='lat' dir='ltr'><strong>intelligitur,</strong></span> <span class='ocrx_word' id='word_1_96' title='bbox 415 1894 476 1958; x_wconf 92' lang='lat' dir='ltr'><strong>quo</strong></span> <span class='ocrx_word' id='word_1_97' title='bbox 510 1877 648 1950; x_wconf 79' lang='lat' dir='ltr'><strong>utuntur,</strong></span> <span class='ocrx_word' id='word_1_98' title='bbox 675 1874 729 1957; x_wconf 92' lang='lat' dir='ltr'><strong>qui</strong></span> <span class='ocrx_word' id='word_1_99' title='bbox 762 1876 855 1939; x_wconf 90' lang='lat' dir='ltr'><strong>verba</strong></span> <span class='ocrx_word' id='word_1_100' title='bbox 882 1893 939 1939; x_wconf 83' lang='lat' dir='ltr'><strong>suu</strong></span> <span class='ocrx_word' id='word_1_101' title='bbox 966 1873 1025 1955; x_wconf 91' lang='lat' dir='ltr'><strong>ipsi</strong></span> <span class='ocrx_word' id='word_1_102' title='bbox 1057 1872 1147 1956; x_wconf 87' lang='lat' dir='ltr'><strong>quasi</strong></span> 
     </span>
     <span class='ocr_line' id='line_1_16' title="bbox 70 1978 1147 2066; baseline -0.005 -19"><span class='ocrx_word' id='word_1_103' title='bbox 70 1979 265 2058; x_wconf 77' lang='lat' dir='ltr'><strong>correctione</strong></span> <span class='ocrx_word' id='word_1_104' title='bbox 286 1978 389 2061; x_wconf 81' lang='lat' dir='ltr'><strong>ulique</strong></span> <span class='ocrx_word' id='word_1_105' title='bbox 411 1982 585 2062; x_wconf 82' lang='lat' dir='ltr'><strong>explanant,</strong></span> <span class='ocrx_word' id='word_1_106' title='bbox 610 1979 758 2066; x_wconf 78' lang='lat' dir='ltr'><strong>singulari</strong></span> <span class='ocrx_word' id='word_1_107' title='bbox 780 1980 915 2063; x_wconf 86' lang='lat' dir='ltr'><strong>quodam</strong></span> <span class='ocrx_word' id='word_1_108' title='bbox 934 1979 1035 2054; x_wconf 89' lang='lat' dir='ltr'><strong>modo,</strong></span> <span class='ocrx_word' id='word_1_109' title='bbox 1058 1980 1093 2043; x_wconf 92' lang='lat' dir='ltr'><strong>ut</strong></span> <span class='ocrx_word' id='word_1_110' title='bbox 1115 1984 1147 2043; x_wconf 85' lang='lat' dir='ltr'><strong>et</strong></span> 
     </span>
     <span class='ocr_line' id='line_1_17' title="bbox 70 2085 1148 2170; baseline -0.002 -18"><span class='ocrx_word' id='word_1_111' title='bbox 70 2107 145 2152; x_wconf 88' lang='lat' dir='ltr'><strong>curn</strong></span> <span class='ocrx_word' id='word_1_112' title='bbox 163 2089 394 2170; x_wconf 85' lang='lat' dir='ltr'><strong>Agamemnone</strong></span> <span class='ocrx_word' id='word_1_113' title='bbox 409 2087 441 2150; x_wconf 90' lang='lat' dir='ltr'><strong>et</strong></span> <span class='ocrx_word' id='word_1_114' title='bbox 456 2105 524 2150; x_wconf 92' lang='lat' dir='ltr'><strong>cum</strong></span> <span class='ocrx_word' id='word_1_115' title='bbox 540 2087 682 2152; x_wconf 79' lang='lat' dir='ltr'><strong>Menelao</strong></span> <span class='ocrx_word' id='word_1_116' title='bbox 697 2089 908 2170; x_wconf 88' lang='lat' dir='ltr'><strong>coniungatur.</strong></span> <span class='ocrx_word' id='word_1_117' title='bbox 942 2085 1148 2152; x_wconf 88' lang='lat' dir='ltr'><strong>Scribeudum</strong></span> 
     </span>
     <span class='ocr_line' id='line_1_18' title="bbox 72 2192 246 2258; baseline 0 -1"><span class='ocrx_word' id='word_1_118' title='bbox 72 2193 124 2258; x_wconf 86' lang='lat' dir='ltr'><strong>est</strong></span> <span class='ocrx_word' id='word_1_119' title='bbox 146 2192 246 2258; x_wconf 88' lang='lat' dir='ltr'><strong>enim:</strong></span> 
     </span>
    </p>

    <p class='ocr_par' dir='ltr' id='par_1_6' title="bbox 146 2292 960 2498">
     <span class='ocr_line' id='line_1_19' title="bbox 340 2292 730 2384; baseline 0.003 -21"><span class='ocrx_word' id='word_1_120' title='bbox 340 2292 538 2384; x_wconf 78' lang='grc' dir='ltr'><strong><em>...ἢτῆς</em></strong></span> <span class='ocrx_word' id='word_1_121' title='bbox 560 2299 621 2384; x_wconf 79' lang='grc' dir='ltr'><strong>σῆς</strong></span> <span class='ocrx_word' id='word_1_122' title='bbox 643 2293 730 2382; x_wconf 65' lang='lat' dir='ltr'><strong>uasto</strong></span> 
     </span>
     <span class='ocr_line' id='line_1_20' title="bbox 146 2397 960 2493; baseline -0.004 -23"><span class='ocrx_word' id='word_1_123' title='bbox 146 2468 148 2482; x_wconf 74' lang='grc'>,</span> <span class='ocrx_word' id='word_1_124' title='bbox 174 2397 335 2491; x_wconf 73' lang='grc' dir='ltr'><strong><em>γυναικός</em></strong></span> <span class='ocrx_word' id='word_1_125' title='bbox 357 2398 381 2489; x_wconf 78' lang='grc' dir='ltr'><em>ἢ</em></span> <span class='ocrx_word' id='word_1_126' title='bbox 403 2405 480 2488; x_wconf 77' lang='grc' dir='ltr'><strong>τῆς</strong></span> <span class='ocrx_word' id='word_1_127' title='bbox 502 2405 563 2472; x_wconf 77' lang='grc' dir='ltr'><strong>σοῦ</strong></span> <span class='ocrx_word' id='word_1_128' title='bbox 585 2399 615 2493; x_wconf 82' lang='lat' dir='ltr'><strong>y&#39;</strong></span> <span class='ocrx_word' id='word_1_129' title='bbox 638 2400 843 2490; x_wconf 76' lang='grc' dir='ltr'><strong><em>ὅμαίμονος,</em></strong></span> <span class='ocrx_word' id='word_1_130' title='bbox 867 2405 960 2490; x_wconf 77' lang='grc' dir='ltr'><strong><em>λέγω.</em></strong></span> 
     </span>
    </p>

    <p class='ocr_par' dir='ltr' id='par_1_7' title="bbox 73 2511 1146 3013">
     <span class='ocr_line' id='line_1_21' title="bbox 73 2511 1146 2595; baseline -0.003 -19"><span class='ocrx_word' id='word_1_131' title='bbox 73 2512 218 2576; x_wconf 88' lang='lat' dir='ltr'><strong>Primum</strong></span> <span class='ocrx_word' id='word_1_132' title='bbox 239 2511 440 2592; x_wconf 82' lang='lat' dir='ltr'><strong>contemptim</strong></span> <span class='ocrx_word' id='word_1_133' title='bbox 462 2512 621 2587; x_wconf 82' lang='lat' dir='ltr'><strong>feminam,</strong></span> <span class='ocrx_word' id='word_1_134' title='bbox 650 2531 704 2593; x_wconf 89' lang='lat' dir='ltr'><strong>pro</strong></span> <span class='ocrx_word' id='word_1_135' title='bbox 732 2529 792 2595; x_wconf 85' lang='lat' dir='ltr'><strong>qua</strong></span> <span class='ocrx_word' id='word_1_136' title='bbox 815 2515 1006 2594; x_wconf 84' lang='lat' dir='ltr'><strong>Agamemno</strong></span> <span class='ocrx_word' id='word_1_137' title='bbox 1028 2513 1146 2594; x_wconf 86' lang='lat' dir='ltr'><strong>pugnat</strong></span> 
     </span>
     <span class='ocr_line' id='line_1_22' title="bbox 74 2615 1145 2702; baseline -0.001 -20"><span class='ocrx_word' id='word_1_138' title='bbox 74 2618 267 2702; x_wconf 87' lang='lat' dir='ltr'><strong>pugnerique</strong></span> <span class='ocrx_word' id='word_1_139' title='bbox 288 2615 384 2690; x_wconf 85' lang='lat' dir='ltr'><strong>iubet,</strong></span> <span class='ocrx_word' id='word_1_140' title='bbox 406 2617 505 2699; x_wconf 84' lang='lat' dir='ltr'><strong>ipsius</strong></span> <span class='ocrx_word' id='word_1_141' title='bbox 531 2618 675 2700; x_wconf 80' lang='lat' dir='ltr'><strong>appellat,</strong></span> <span class='ocrx_word' id='word_1_142' title='bbox 707 2618 817 2682; x_wconf 88' lang='lat' dir='ltr'><strong>deinde</strong></span> <span class='ocrx_word' id='word_1_143' title='bbox 840 2637 874 2683; x_wconf 85' lang='lat' dir='ltr'><strong>se</strong></span> <span class='ocrx_word' id='word_1_144' title='bbox 897 2618 1052 2701; x_wconf 84' lang='lat' dir='ltr'><strong>corrigens</strong></span> <span class='ocrx_word' id='word_1_145' title='bbox 1073 2634 1145 2698; x_wconf 91' lang='lat' dir='ltr'><strong>pro-</strong></span> 
     </span>
     <span class='ocr_line' id='line_1_23' title="bbox 74 2721 1146 2807; baseline -0.002 -19"><span class='ocrx_word' id='word_1_146' title='bbox 74 2725 140 2805; x_wconf 93' lang='lat' dir='ltr'><strong>prie</strong></span> <span class='ocrx_word' id='word_1_147' title='bbox 160 2721 267 2788; x_wconf 87' lang='lat' dir='ltr'><strong>fratris</strong></span> <span class='ocrx_word' id='word_1_148' title='bbox 289 2741 414 2787; x_wconf 88' lang='lat' dir='ltr'><strong>uxorem</strong></span> <span class='ocrx_word' id='word_1_149' title='bbox 439 2725 557 2807; x_wconf 74' lang='lat' dir='ltr'><strong>(coegere</strong></span> <span class='ocrx_word' id='word_1_150' title='bbox 577 2724 681 2788; x_wconf 63' lang='lat' dir='ltr'><strong>dener</strong></span> <span class='ocrx_word' id='word_1_151' title='bbox 698 2722 791 2790; x_wconf 77' lang='lat' dir='ltr'><strong>Fruar</strong></span> <span class='ocrx_word' id='word_1_152' title='bbox 806 2725 888 2804; x_wconf 74' lang='lat' dir='ltr'><strong>edm,</strong></span> <span class='ocrx_word' id='word_1_153' title='bbox 906 2743 972 2790; x_wconf 80' lang='lat' dir='ltr'><strong>aeus</strong></span> <span class='ocrx_word' id='word_1_154' title='bbox 986 2722 1036 2788; x_wconf 68' lang='lat' dir='ltr'><strong>aulo</strong></span> <span class='ocrx_word' id='word_1_155' title='bbox 1050 2741 1146 2806; x_wconf 76' lang='lat' dir='ltr'><strong>supere</strong></span> 
     </span>
     <span class='ocr_line' id='line_1_24' title="bbox 74 2826 1146 2915; baseline 0 -23"><span class='ocrx_word' id='word_1_156' title='bbox 74 2829 179 2912; x_wconf 73' lang='lat' dir='ltr'><strong>mollio,</strong></span> <span class='ocrx_word' id='word_1_157' title='bbox 202 2829 257 2894; x_wconf 81' lang='lat' dir='ltr'><strong>der</strong></span> <span class='ocrx_word' id='word_1_158' title='bbox 278 2828 382 2893; x_wconf 73' lang='lat' dir='ltr'><strong>daiam</strong></span> <span class='ocrx_word' id='word_1_159' title='bbox 402 2826 578 2906; x_wconf 68' lang='lat' dir='ltr'><strong>Bructero).</strong></span> <span class='ocrx_word' id='word_1_160' title='bbox 633 2831 673 2895; x_wconf 84' lang='lat' dir='ltr'><strong>llt</strong></span> <span class='ocrx_word' id='word_1_161' title='bbox 699 2830 761 2915; x_wconf 73' lang='grc' dir='ltr'><strong>τῆς</strong></span> <span class='ocrx_word' id='word_1_162' title='bbox 783 2831 844 2897; x_wconf 77' lang='grc' dir='ltr'><strong>σοῦ</strong></span> <span class='ocrx_word' id='word_1_163' title='bbox 867 2831 961 2896; x_wconf 86' lang='lat' dir='ltr'><strong>etiam</strong></span> <span class='ocrx_word' id='word_1_164' title='bbox 983 2830 1045 2895; x_wconf 87' lang='lat' dir='ltr'><strong>ianr</strong></span> <span class='ocrx_word' id='word_1_165' title='bbox 1068 2829 1146 2893; x_wconf 82' lang='lat' dir='ltr'><strong>Din-</strong></span> 
     </span>
     <span class='ocr_line' id='line_1_25' title="bbox 75 2935 651 3013; baseline 0.003 -16"><span class='ocrx_word' id='word_1_166' title='bbox 75 2935 189 3000; x_wconf 79' lang='lat' dir='ltr'><strong>‹lorfius</strong></span> <span class='ocrx_word' id='word_1_167' title='bbox 212 2935 406 3000; x_wconf 86' lang='lat' dir='ltr'><strong>scribendum</strong></span> <span class='ocrx_word' id='word_1_168' title='bbox 428 2936 651 3013; x_wconf 81' lang='lat' dir='ltr'><strong>coniecerat.*)</strong></span> 
     </span>
    </p>
   </div>
   <div class='ocr_carea' id='block_1_3' title="bbox 76 3053 1147 3882">
    <p class='ocr_par' dir='ltr' id='par_1_8' title="bbox 76 3053 1147 3882">
     <span class='ocr_line' id='line_1_26' title="bbox 228 3053 326 3117; baseline 0.041 -4"><span class='ocrx_word' id='word_1_169' title='bbox 228 3053 326 3117; x_wconf 82' lang='lat'>1357:</span> 
     </span>
     <span class='ocr_line' id='line_1_27' title="bbox 173 3151 887 3248; baseline 0.003 -23"><span class='ocrx_word' id='word_1_170' title='bbox 173 3157 250 3245; x_wconf 84' lang='grc' dir='ltr'><strong><em>νικᾷ</em></strong></span> <span class='ocrx_word' id='word_1_171' title='bbox 271 3154 337 3244; x_wconf 71' lang='lat' dir='ltr'><strong>yu&#39;p</strong></span> <span class='ocrx_word' id='word_1_172' title='bbox 359 3151 464 3246; x_wconf 69' lang='grc' dir='ltr'><em>ἁρετή</em></span> <span class='ocrx_word' id='word_1_173' title='bbox 485 3186 531 3245; x_wconf 77' lang='grc' dir='ltr'><strong>με</strong></span> <span class='ocrx_word' id='word_1_174' title='bbox 553 3161 615 3246; x_wconf 76' lang='grc' dir='ltr'><strong>τῆς</strong></span> <span class='ocrx_word' id='word_1_175' title='bbox 639 3167 765 3248; x_wconf 78' lang='grc' dir='ltr'><em>ἔχθρας</em></span> <span class='ocrx_word' id='word_1_176' title='bbox 787 3154 887 3227; x_wconf 75' lang='grc' dir='ltr'><strong>πολύ.</strong></span> 
     </span>
     <span class='ocr_line' id='line_1_28' title="bbox 76 3265 1146 3350; baseline 0 -21"><span class='ocrx_word' id='word_1_177' title='bbox 76 3265 237 3331; x_wconf 84' lang='lat' dir='ltr'><strong>Sententia</strong></span> <span class='ocrx_word' id='word_1_178' title='bbox 258 3267 395 3347; x_wconf 77' lang='lat' dir='ltr'><strong>apparet,</strong></span> <span class='ocrx_word' id='word_1_179' title='bbox 410 3266 600 3345; x_wconf 74' lang='lat' dir='ltr'><strong>iuimicitias,</strong></span> <span class='ocrx_word' id='word_1_180' title='bbox 621 3286 688 3350; x_wconf 89' lang='lat' dir='ltr'><strong>quae</strong></span> <span class='ocrx_word' id='word_1_181' title='bbox 708 3288 779 3333; x_wconf 92' lang='lat' dir='ltr'><strong>oum</strong></span> <span class='ocrx_word' id='word_1_182' title='bbox 793 3269 886 3333; x_wconf 83' lang='lat' dir='ltr'><strong>Aiace</strong></span> <span class='ocrx_word' id='word_1_183' title='bbox 907 3265 1030 3342; x_wconf 81' lang='lat' dir='ltr'><strong>fuerint,</strong></span> <span class='ocrx_word' id='word_1_184' title='bbox 1053 3266 1146 3349; x_wconf 91' lang='lat' dir='ltr'><strong>longe</strong></span> 
     </span>
     <span class='ocr_line' id='line_1_29' title="bbox 77 3369 1146 3457; baseline 0 -22"><span class='ocrx_word' id='word_1_185' title='bbox 77 3375 209 3452; x_wconf 85' lang='lat' dir='ltr'><strong>superari</strong></span> <span class='ocrx_word' id='word_1_186' title='bbox 229 3371 352 3436; x_wconf 86' lang='lat' dir='ltr'><strong>virtutis</strong></span> <span class='ocrx_word' id='word_1_187' title='bbox 368 3373 433 3437; x_wconf 88' lang='lat' dir='ltr'><strong>eius</strong></span> <span class='ocrx_word' id='word_1_188' title='bbox 448 3375 611 3455; x_wconf 81' lang='lat' dir='ltr'><strong>memoria3</strong></span> <span class='ocrx_word' id='word_1_189' title='bbox 633 3373 688 3438; x_wconf 84' lang='lat' dir='ltr'><strong>sed</strong></span> <span class='ocrx_word' id='word_1_190' title='bbox 703 3392 738 3439; x_wconf 84' lang='lat' dir='ltr'><strong>ex</strong></span> <span class='ocrx_word' id='word_1_191' title='bbox 753 3375 867 3452; x_wconf 82' lang='lat' dir='ltr'><strong>verbis,</strong></span> <span class='ocrx_word' id='word_1_192' title='bbox 885 3369 1146 3457; x_wconf 85' lang='lat' dir='ltr'><strong>quemadmodum</strong></span> 
     </span>
     <span class='ocr_line' id='line_1_30' title="bbox 78 3477 1147 3560; baseline 0.002 -21"><span class='ocrx_word' id='word_1_193' title='bbox 78 3495 155 3543; x_wconf 90' lang='lat' dir='ltr'><strong>nunc</strong></span> <span class='ocrx_word' id='word_1_194' title='bbox 176 3477 361 3551; x_wconf 89' lang='lat' dir='ltr'><strong>scribuntur,</strong></span> <span class='ocrx_word' id='word_1_195' title='bbox 390 3495 426 3542; x_wconf 85' lang='lat' dir='ltr'><strong>ea</strong></span> <span class='ocrx_word' id='word_1_196' title='bbox 453 3481 609 3544; x_wconf 86' lang='lat' dir='ltr'><strong>sententia</strong></span> <span class='ocrx_word' id='word_1_197' title='bbox 636 3480 732 3545; x_wconf 90' lang='lat' dir='ltr'><strong>nullis</strong></span> <span class='ocrx_word' id='word_1_198' title='bbox 759 3479 909 3545; x_wconf 82' lang='lat' dir='ltr'><strong>machinis</strong></span> <span class='ocrx_word' id='word_1_199' title='bbox 937 3477 1017 3544; x_wconf 90' lang='lat' dir='ltr'><strong>effici</strong></span> <span class='ocrx_word' id='word_1_200' title='bbox 1043 3477 1147 3560; x_wconf 86' lang='lat' dir='ltr'><strong>potest</strong></span> 
     </span>
     <span class='ocr_line' id='line_1_31' title="bbox 80 3583 1144 3668; baseline 0.006 -24"><span class='ocrx_word' id='word_1_201' title='bbox 80 3599 173 3665; x_wconf 89' lang='lat' dir='ltr'><strong>neque</strong></span> <span class='ocrx_word' id='word_1_202' title='bbox 194 3583 260 3648; x_wconf 88' lang='lat' dir='ltr'><strong>ullu</strong></span> <span class='ocrx_word' id='word_1_203' title='bbox 282 3601 387 3647; x_wconf 91' lang='lat' dir='ltr'><strong>eorum</strong></span> <span class='ocrx_word' id='word_1_204' title='bbox 410 3586 565 3649; x_wconf 84' lang='lat' dir='ltr'><strong>structura</strong></span> <span class='ocrx_word' id='word_1_205' title='bbox 586 3585 722 3668; x_wconf 90' lang='lat' dir='ltr'><strong>reperiri.</strong></span> <span class='ocrx_word' id='word_1_206' title='bbox 770 3587 897 3652; x_wconf 82' lang='lat' dir='ltr'><strong>Frustra</strong></span> <span class='ocrx_word' id='word_1_207' title='bbox 919 3585 1002 3651; x_wconf 88' lang='lat' dir='ltr'><strong>enirn</strong></span> <span class='ocrx_word' id='word_1_208' title='bbox 1024 3584 1144 3650; x_wconf 83' lang='lat' dir='ltr'><strong>efficere</strong></span> 
     </span>
     <span class='ocr_line' id='line_1_32' title="bbox 78 3689 1144 3775; baseline 0.003 -24"><span class='ocrx_word' id='word_1_209' title='bbox 78 3692 220 3754; x_wconf 83' lang='lat' dir='ltr'><strong>conentur</strong></span> <span class='ocrx_word' id='word_1_210' title='bbox 254 3689 447 3771; x_wconf 85' lang='lat' dir='ltr'><strong>interpretes,</strong></span> <span class='ocrx_word' id='word_1_211' title='bbox 480 3694 515 3755; x_wconf 91' lang='lat' dir='ltr'><strong>ut</strong></span> <span class='ocrx_word' id='word_1_212' title='bbox 546 3692 639 3757; x_wconf 86' lang='lat' dir='ltr'><strong>verbo</strong></span> <span class='ocrx_word' id='word_1_213' title='bbox 672 3691 772 3759; x_wconf 83' lang='grc' dir='ltr'><strong><em>νικᾶν</em></strong></span> <span class='ocrx_word' id='word_1_214' title='bbox 803 3694 915 3775; x_wconf 86' lang='lat' dir='ltr'><strong>praeter</strong></span> <span class='ocrx_word' id='word_1_215' title='bbox 935 3690 1144 3758; x_wconf 78' lang='lat' dir='ltr'><strong>accusativum</strong></span> 
     </span>
     <span class='ocr_line' id='line_1_33' title="bbox 80 3792 1144 3882; baseline 0.005 -27"><span class='ocrx_word' id='word_1_216' title='bbox 80 3792 169 3859; x_wconf 88' lang='lat' dir='ltr'><strong>etiam</strong></span> <span class='ocrx_word' id='word_1_217' title='bbox 201 3794 363 3879; x_wconf 86' lang='lat' dir='ltr'><strong>genetivus</strong></span> <span class='ocrx_word' id='word_1_218' title='bbox 396 3795 583 3880; x_wconf 86' lang='lat' dir='ltr'><strong>adiungatur</strong></span> <span class='ocrx_word' id='word_1_219' title='bbox 614 3800 704 3881; x_wconf 87' lang='lat' dir='ltr'><strong>quasi</strong></span> <span class='ocrx_word' id='word_1_220' title='bbox 739 3798 978 3882; x_wconf 89' lang='lat' dir='ltr'><strong>comparationis</strong></span> <span class='ocrx_word' id='word_1_221' title='bbox 1015 3797 1144 3862; x_wconf 83' lang='lat' dir='ltr'><strong>alicuius</strong></span> 
     </span>
    </p>
   </div>
   <div class='ocr_carea' id='block_1_4' title="bbox 129 4037 1144 4207">
    <p class='ocr_par' dir='ltr' id='par_1_9' title="bbox 129 4037 1144 4207">
     <span class='ocr_line' id='line_1_34' title="bbox 129 4037 1144 4112; baseline -0.001 -19"><span class='ocrx_word' id='word_1_222' title='bbox 129 4037 155 4108; x_wconf 87' lang='grc'><strong>*)</strong></span> <span class='ocrx_word' id='word_1_223' title='bbox 173 4038 206 4094; x_wconf 91' lang='lat' dir='ltr'><strong>ln</strong></span> <span class='ocrx_word' id='word_1_224' title='bbox 224 4039 353 4094; x_wconf 77' lang='lat' dir='ltr'><strong>adverbio</strong></span> <span class='ocrx_word' id='word_1_225' title='bbox 372 4038 521 4112; x_wconf 70' lang='grc' dir='ltr'><strong><em>προδήλως</em></strong></span> <span class='ocrx_word' id='word_1_226' title='bbox 539 4042 598 4098; x_wconf 87' lang='lat' dir='ltr'><strong>sine</strong></span> <span class='ocrx_word' id='word_1_227' title='bbox 617 4060 701 4100; x_wconf 87' lang='lat' dir='ltr'><strong>causa</strong></span> <span class='ocrx_word' id='word_1_228' title='bbox 720 4042 943 4100; x_wconf 85' lang='lat' dir='ltr'><strong>Schneidewinus</strong></span> <span class='ocrx_word' id='word_1_229' title='bbox 965 4040 1060 4110; x_wconf 84' lang='lat' dir='ltr'><strong>haesit3</strong></span> <span class='ocrx_word' id='word_1_230' title='bbox 1080 4054 1144 4094; x_wconf 90' lang='lat' dir='ltr'><strong>con·</strong></span> 
     </span>
     <span class='ocr_line' id='line_1_35' title="bbox 175 4128 765 4207; baseline 0.015 -26"><span class='ocrx_word' id='word_1_231' title='bbox 175 4128 341 4198; x_wconf 83' lang='lat' dir='ltr'><strong>iungendum</strong></span> <span class='ocrx_word' id='word_1_232' title='bbox 358 4133 387 4188; x_wconf 86' lang='lat' dir='ltr'><strong>id</strong></span> <span class='ocrx_word' id='word_1_233' title='bbox 406 4141 449 4189; x_wconf 88' lang='lat' dir='ltr'><strong>est</strong></span> <span class='ocrx_word' id='word_1_234' title='bbox 468 4151 529 4189; x_wconf 89' lang='lat' dir='ltr'><strong>cum</strong></span> <span class='ocrx_word' id='word_1_235' title='bbox 547 4135 633 4192; x_wconf 75' lang='lat' dir='ltr'><strong>uatis</strong></span> <span class='ocrx_word' id='word_1_236' title='bbox 652 4139 765 4207; x_wconf 71' lang='grc' dir='ltr'><strong><em>μᾶλλον.</em></strong></span> 
     </span>
    </p>
   </div>
   <div class='ocr_carea' id='block_1_5' title="bbox 0 0 1392 4582">
    <p class='ocr_par' dir='ltr' id='par_1_10' title="bbox 0 0 1392 4582">
     <span class='ocr_line' id='line_1_36' title="bbox 0 0 1392 4582; baseline 0 0"><span class='ocrx_word' id='word_1_237' title='bbox 0 0 1392 4582; x_wconf 95' lang='lat' dir='ltr'><strong> </strong></span> 
     </span>
    </p>
   </div>
  </div>
 </body>
</html>
