2728 4582
303 290 340 351 18
676 289 737 347 Lib.
755 289 778 344 Ι.
798 292 864 360 Cup.
883 290 904 342 Ι.

255 483 372 550 Versus
395 486 439 552 siu
460 485 723 571 interpungendus
746 488 809 552 est:

247 593 326 660 ΜΖ.
349 593 440 658 τοῦτ’
461 586 569 658 ἐκεῖν’·
594 587 636 660 ἵν’
654 592 864 679 ἐσπάρημεν,
883 629 917 640 -
936 591 1010 668 ΞΟ.
1033 588 1052 659 u‘
1075 585 1207 672 πότμος
1229 593 1311 678 eene-

1056 724 1127 784 ριν,
1150 703 1272 767 τέκνον.

257 803 313 869 Iun
338 823 371 870 se
393 806 454 871 iem
479 825 543 871 rem
567 807 672 873 tenere
694 806 769 876 notu
792 804 922 870 formula
948 798 1043 871 ποσί
1066 813 1173 873 ἐκεῑνσ
1197 807 1309 878 indicet,

257 909 369 976 deinde
406 913 538 995 emptum
580 914 645 978 eius
688 911 855 977 orationem
892 910 1090 996 interrumpit
1131 915 1164 978 et
1202 914 1309 997 perficit

255 1016 396 1084 Xuthus:
421 1019 492 1098 „ubi
515 1019 606 1083 nutus
628 1017 699 1095 sim,
721 1053 762 1064 -
782 1016 914 1095 fortune,
937 1018 981 1082 mi
1003 1018 1058 1098 fili,
1081 1021 1243 1103 repperit.“
1310 1035 1311 1040 ’

407 1159 467 1224 598
491 1177 573 1241 sqq.:

355 1261 427 1331 ὅσοι
452 1264 486 1330 δὲ
507 1264 641 1350 χρηστοὶ
666 1259 852 1348 δυνάμενοί
866 1257 895 1331 τ’
911 1264 997 1331 εἶναι
1022 1267 1120 1350 σοφοὶ

357 1373 470 1458 σιγῶσι
495 1363 556 1436 κού
580 1365 785 1437 σπεύδουσιν
808 1376 843 1444 ἐς
863 1365 905 1436 ια’
922 1364 1121 1461 πράγματα,

356 1471 472 1567 γέλωτ’
494 1485 530 1542 έν
552 1471 669 1549 αὐτοῖς
690 1480 824 1562 μωρίαν
847 1506 883 1545 τε
907 1470 1059 1563 λήψομαι
1084 1504 1111 1547 ιι.
1135 1505 1165 1542 τ.
1189 1481 1214 1543 λ.

257 1609 474 1694 significentur
508 1608 625 1673 nobiles
658 1609 689 1672 et
722 1603 968 1694 κσλσισὶγαθσέ,
1002 1604 1056 1691 (Ῑοὶ
1085 1609 1116 1672 in
1139 1627 1172 1673 re
1203 1607 1308 1698 publicu

256 1715 355 1798 plebis
388 1713 559 1780 dominatui
591 1714 720 1796 parenti,
755 1713 876 1797 qualem
911 1713 1133 1780 Atheniensem
1166 1715 1220 1779 Ion
1254 1729 1309 1778 esse

255 1821 341 1898 eicit,
365 1819 510 1888 invidiam
534 1819 668 1886 vitantes
692 1819 755 1884 otio
779 1840 812 1885 se
834 1821 961 1896 dedunt,
985 1821 1039 1886 sed
1062 1821 1093 1886 et
1115 1839 1168 1901 per
1184 1837 1215 1885 se
1232 1834 1313 1901 prave·

257 1921 442 2012 δυνάμενοι
477 1927 564 1992 εἶναι
597 1929 696 2010 σοφοί
728 1925 884 2006 dicuntur,
926 1927 979 2009 qui
1011 1928 1110 2013 σοφοί
1142 1925 1309 2010 simpliciter

257 2033 435 2118 appellandi
456 2037 551 2106 erent,
574 2033 606 2098 et
632 2033 680 2110 iis,
708 2035 757 2114 qni
787 2039 815 2100 π’
841 2034 902 2097 596
929 2025 1092 2100 σίλέναισι
1120 2032 1311 2115 appellantur,

258 2140 403 2207 contrarii
425 2148 497 2205 sunt
519 2158 578 2204 non
602 2145 634 2205 οἱ
657 2140 764 2224 σοφοί,
788 2139 841 2206 sed
858 2147 890 2206 οἱ
905 2141 1057 2216 δυνατοί,
1080 2147 1112 2207 οἱ
1127 2131 1323 2223 δυνάμενοι·Ι

256 2249 365 2330 ltaque
387 2248 480 2312 verba
503 2245 589 2312 etune
613 2247 713 2332 σσῳσί
728 2267 745 2311 a
763 2249 924 2329 participio
948 2242 1133 2332 δυνάμενοι
1157 2243 1309 2330 separanda

256 2357 329 2422 sunt
360 2353 632 2436 coniungendaque
664 2372 735 2418 eum
767 2354 859 2419 verbe
882 2356 1034 2438 sequenti,
1064 2373 1176 2437 proque
1207 2352 1307 2438 σιγσῐσ

256 2462 384 2526 verbum
406 2459 598 2524 scribendum
623 2466 679 2537 est,
703 2457 786 2542 quod
809 2460 978 2536 veluntatis
1002 2463 1033 2526 et
1055 2461 1203 2544 propositi
1226 2457 1308 2540 signi·

254 2567 431 2632 ficationem
452 2565 579 2630 habeut:

356 2691 429 2760 ὅσοι
453 2693 487 2758 ee
508 2695 644 2778 χρηστοὶ
667 2689 853 2778 δυνάμενοί
874 2689 904 2760 ι’
927 2695 1014 2760 εἶναι
1037 2697 1135 2779 σοφοὶ

357 2800 526 2884 αἱροῦσι
548 2801 750 2878 (θέλουσι)
774 2795 835 2866 κου’
859 2795 1065 2870 σπεύδουσιν
1088 2807 1121 2874 ἐς
1142 2794 1185 2865 ud
1216 2788 1310 2881 πρέγ·

1116 2932 1224 2991 ματα,

725 3038 752 3080 υ.
777 3038 805 3080 τ.
829 3013 857 3078 λ.

408 3154 468 3218 602
490 3173 576 3238 sqq.:

356 3263 424 3328 νων
446 3251 522 3328 ιλάιλ
544 3260 668 3350 λογίων
690 3287 725 3327 σο
749 3264 927 3350 χρωμένων
949 3287 985 3326 ue
1008 3262 1050 3348 τῇ
1074 3255 1172 3327 πόλει

358 3373 407 3444 εἰς
429 3363 560 3454 α’ξέωμα
582 3365 650 3455 stuic
672 3370 777 3435 πλέον
799 3361 1033 3453 φρουρήσομαι

357 3473 533 3563 ψήφοισιν.

257 3583 389 3650 Versum
411 3584 503 3649 vitiat
524 3583 697 3666 enupaestus
727 3582 859 3648 seeundo
889 3581 956 3646 loeo
986 3579 1116 3663 pesitus,
1139 3598 1194 3645 nee
1216 3570 1311 3663 λόγιοι

257 3693 340 3756 reete
362 3690 533 3772 appelletur
555 3689 683 3754 tertium
705 3707 801 3774 genus
819 3689 940 3766 civium,
958 3686 1039 3770 quod
1054 3686 1105 3750 hte
1120 3683 1309 3770 significetur,

256 3797 396 3862 homines
417 3795 600 3860 auctoritate
622 3793 704 3877 apud
726 3794 848 3878 plebem
871 3794 1009 3859 ualentes
1026 3811 1153 3874 remque
1168 3790 1311 3876 publicum

257 3903 473 3988 gubernantes.
521 3900 723 3968 scribendum
747 3899 868 3982 opinor:

358 4009 424 4075 τῶν
447 4009 486 4074 δὲ
510 4008 695 4095 λογίμων
717 4034 752 4073 σε
775 4010 954 4095 χρωμένων
976 4031 1012 4070 τε
1035 4005 1077 4091 τῇ
1100 4001 1197 4070 πόλει

731 4138 758 4178 ιι.
782 4139 809 4179 ι.
833 4115 860 4178 λ.
