2712 4576
273 241 333 306 148
635 240 696 295 Lib.
716 241 751 296 11.
772 241 837 311 (lap.
856 239 891 294 11.

231 437 361 504 odium
390 436 561 503 omnium
588 437 806 513 hominnm3
835 438 934 502 multa
959 435 1020 502 alia
1043 427 1308 516 exempla'lexioa

229 543 356 610 habent.
400 542 466 624 [Sic
495 543 554 608 iam
587 543 758 623 Manutius,
790 544 843 627 qni
876 543 990 610 codicis
1013 541 1205 626 palimpsesti
1229 559 1306 605 auc-

231 651 389 716 toritatem
409 649 636 734 ignorabat.]*)

240 827 244 830 -
333 777 411 844 Ibid.
431 781 486 844 ιιι
509 778 642 844 Primo
665 797 794 843 nonne
816 776 1097 860 compensabit
1119 795 1202 842 onm
1225 795 1306 840 nno

232 883 436 950 versiculo
468 887 538 950 tot·
565 903 648 949 mea
680 883 884 950 volumina
916 881 1077 949 landum
1115 884 1304 948 suarum?

233 989 523 1057 Manifestissimnm
551 993 600 1056 est
632 1009 691 1057 nou
726 991 830 1072 quaeri,
861 989 935 1073 quid
964 989 1103 1054 facturus
1134 989 1306 1070 Pompeius

234 1096 284 1172 sit,
312 1098 364 1162 sed
396 1097 433 1162 de
460 1096 617 1179 praeterito
646 1097 792 1178 temporo,
821 1095 906 1161 itane
928 1094 1083 1161 Ciceronis
1105 1113 1196 1160 versu
1218 1114 1306 1159 com-

233 1203 350 1269 motum
373 1203 468 1269 inisse
490 1202 673 1284 Pompeium
694 1202 850 1286 probabile
871 1202 920 1279 sit,
945 1200 1204 1286 quemadmodum
1229 1199 1305 1265 Piso

232 1328 302 1374 eum
333 1311 523 1375 commotum
552 1303 618 1373 esse
648 1307 740 1378 dicat,
773 1308 903 1392 ideoque
930 1307 1106 1374 Ciceronem
1128 1306 1226 1372 everti
1248 1326 1306 1372 vo-

232 1413 334 1480 luisse.
378 1413 580 1481 scribendum
602 1415 715 1499 igitur:
738 1434 865 1480 nonna
889 1412 1126 1498 compensabat.

332 1543 411 1609 Ibid.
435 1545 492 1608 94:
515 1518 588 1609 non
619 1542 788 1610 ambitio
819 1545 865 1609 ad
895 1544 1086 1627 gratiam,
1116 1562 1190 1607 non
1220 1542 1303 1607 ini·

235 1651 370 1731 quitos
398 1647 445 1715 ad
467 1649 773 1715 simulationem
798 1650 1053 1715 coniicietnr.
1102 1649 1155 1714 Sic
1181 1648 1304 1715 codices

232 1757 286 1818 ant
307 1754 590 1821 coniicientnr.
624 1757 684 1820 Pro
700 1755 963 1829 conficietur.
981 1755 1061 1839 qnod
1076 1757 1109 1822 et
1126 1755 1305 1838 praecedens

233 1859 508 1926 coniicientnr
536 1866 567 1926 et
597 1861 749 1926 sententia
776 1879 904 1944 pravum
937 1880 1004 1928 esso
1034 1860 1193 1936 convincit,
1221 1862 1305 1927 recte

232 1965 370 2031 Faernus
385 1965 477 2032 scribi
494 1967 592 2032 voluit
607 1968 860 2044 concitetur;
875 1970 978 2052 agitur
992 1969 1075 2033 enim
1090 1969 1128 2032 de
1141 1967 1305 2034 bominum

233 2069 368 2138 studio
358 2092 390 2138 ιιι
413 2074 550 2139 ordinem
573 2072 710 2139 indicum
736 2072 944 2155 perveniendi.
989 2074 1304 2140 Simulationem

233 2175 304 2243 binc
328 2177 462 2244 alienam
486 2197 552 2245 esse
568 2181 607 2244 ab
623 2178 972 2256 aliisinttellectumost,
988 2180 1043 2247 sed
1057 2178 1348 2263 improbabiliter

235 2282 320 2350 etad
336 2286 467 2352 sentent
444 2289 521 2352 tram
537 2290 568 2352 et
554 2287 623 2352 tad
637 2286 810 2352 litterarum
826 2287 958 2372 vestigia
974 2287 1140 2353 Lambinus
1157 2286 1304 2352 simul·

232 2391 357 2456 tatem
386 2392 500 2458 snbstit
461 2393 556 2458 ιιιιιίι.
601 2391 801 2458 scribendum
832 2394 914 2458 erat:
947 2411 1021 2457 non
1054 2393 1224 2458 ambitio
1256 2393 1304 2457 ad
1346 2427 1347 2465 r

233 2496 1304 2582 g1·atiam‚n0niniquitasanemulationemeonnroetur.

234 2600 341 2684 Neque
364 2603 522 2670 ambitiosi
544 2605 692 2682 homines,
716 2608 749 2669 ut
773 2603 875 2688 gratia
902 2605 1036 2683 valeant,
1067 2623 1166 2689 neque
1194 2603 1304 2688 iniqui,
1345 2607 1346 2669 l

232 2713 268 2771 ut
289 2708 418 2774 aemulos
440 2710 583 2790 premant
603 2711 635 2775 et
656 2709 828 2787 excludant,
852 2729 918 2776 sese
940 2712 1185 2777 commovebunt.

1344 2831 1345 2873 ι

335 2895 397 2961 Pro
419 2895 551 2965 Plancio
574 2898 631 2965 36:
661 2899 706 2964 de
735 2900 822 2997 ipso
853 2899 1027 2982 deniqne
1056 2899 1211 2966 ambitu
1239 2920 1302 2966 re-

234 2998 451 3068 iectionem
485 3003 583 3070 lieri
615 3005 797 3071 voluerit
828 3004 1004 3072 indicum
1039 3007 1299 3072 alternorum.
1343 2987 1344 3077 i

233 3105 290 3170 Alt
276 3107 431 3172 ternorum
463 3109 603 3177 iudicum
632 3110 852 3196 (singulorum)
884 3110 1009 3178 reiectio
1041 3132 1140 3196 neque
1172 3133 1343 3198 nsquam

234 3210 433 3296 significatur
455 3235 562 3298 neque,
579 3218 678 3301 qualis
694 3217 745 3295 sit,
768 3216 879 3300 fingi
869 3216 1041 3302 intelligire
1063 3239 1151 3303 pesse
1173 3220 1302 3286 videtur.

235 3317 305 3383 Siue
328 3318 422 3386 dnbio
445 3320 636 3404 significatur
658 3339 704 3402 ea,
729 3323 851 3407 quain
874 3324 1011 3390 oratione
1032 3327 1065 3390 in
1080 3326 1240 3392 Vatinium
1263 3327 1301 3389 27

234 3424 482 3491 alternorum
512 3427 776 3493 consiliorum
807 3428 982 3496 reiectio
1010 3431 1137 3508 dicitur,
1167 3432 1302 3498 scriben-
1337 3371 1342 3485 i

236 3593 467 3604 -—-———----..

287 3689 313 3755 *)
333 3689 347 3760 ἓ
367 3691 402 3747 70
419 3693 543 3749 codicum
562 3696 707 3766 scripturae
726 3702 794 3751 ortae
814 3712 847 3753 ex
866 3699 918 3753 hac
936 3698 1076 3756 videntur:
1096 3716 1158 3771 qno
1174 3701 1234 3758 tota
1246 3702 1300 3758 tarn

333 3780 445 3854 sapiens
464 3789 496 3840 et
515 3791 610 3843 tanta
629 3787 758 3844 civitas.
801 3788 916 3846 (tracus
935 3796 1018 3860 atque
1043 3793 1150 3850 advena
1167 3811 1229 3850 cum
1246 3801 1307 3850 toto.

334 3875 438 3946 populo
456 3877 579 3934 Romano
599 3886 781 3951 comparatur,
805 3898 861 3938 non
884 3901 946 3940 oum
963 3886 1058 3942 nescio
1078 3888 1177 3956 quibus
1196 3889 1299 3958 sapien·
1338 3899 1339 3902 ’

335 3967 417 4026 tibus.
458 3970 564 4027 Deinde
587 3971 603 4042 ἕ
628 3972 663 4027 72
684 3973 871 4031 scribendum:
892 3978 950 4034 sed
968 3994 1038 4034 eum
1056 3996 1153 4037 casus
1172 4023 1179 4036 .
1200 4023 1206 4036 .
1224 4021 1232 4037 .
1251 4023 1256 4034 .
1274 3981 1298 4035 ct

336 4061 395 4130 (pro
415 4061 482 4132 sed)
500 4062 586 4119 idem
604 4080 701 4120 casus
716 4073 768 4123 cet.
