2728 4582
512 285 667 346 Athenaeus.
1042 287 1082 350 59

47 487 120 551 sive
142 483 225 567 qnod
245 485 313 567 ipsa
335 502 416 550 cenae
438 501 497 547 non
520 483 702 561 interfuerit,
720 486 785 550 sive
801 485 882 569 quod
897 484 1002 550 tantus
1016 485 1125 550 interi-

55 597 106 658 tus
128 592 279 657 bonarum
300 607 402 654 rerum
424 590 523 654 factus
545 588 595 654 sit.
645 591 681 654 In
709 591 825 657 littoris
855 592 996 658 κατίστα
1026 594 1126 657 mani·

47 697 135 764 desto
157 698 238 762 latet
258 696 410 779 particula
433 689 482 761 τοί
506 696 577 774 (vel,
610 695 637 760 si
665 697 732 762 haec
752 697 880 780 produci
894 699 1011 782 nequit,
1034 694 1124 764 adol

55 808 85 868 et
106 804 337 869 substantivum
359 801 500 868 feminini
521 803 643 885 generis
673 802 804 887 querclae
833 802 959 882 sociam,
989 805 1017 869 si
1043 805 1126 870 adsit

54 913 109 975 aut
131 910 285 981 exaudiat.
307 908 443 974 futuram
465 909 650 994 significans.
697 910 764 975 Una
786 901 892 976 littora
914 903 1036 976 mutata
1057 911 1124 976 effi·

42 1017 135 1080 citur
160 1017 256 1097 καρίς
277 1024 306 1094 (e
329 1017 556 1081 crustaceorum
583 1026 716 1100 genere).
773 1015 889 1101 Opinor
920 1015 1018 1100 igitur
1048 1016 1126 1082 scri·

52 1121 205 1187 bendum:

137 1243 361 1336 περίσαμοί
390 1279 435 1336 με
470 1252 617 1318 καλοῦσα
652 1254 768 1338 καρίς
801 1278 850 1319 κα
887 1246 989 1332 (κᾶν)
1022 1256 1124 1340 λέγοι,

769 1361 847 1444 φεῦ
870 1359 937 1424 τῶν
959 1361 1082 1426 κακῶν.

153 1485 235 1551 Nam
263 1486 435 1571 τερίσαμα
459 1505 556 1552 unum
578 1485 764 1553 adiectivum
785 1488 898 1570 plurali
919 1508 1046 1556 numero
1070 1510 1124 1573 pro

54 1593 203 1658 adverbio
239 1593 373 1676 positum
403 1611 470 1659 esse
491 1593 555 1658 iam
576 1591 758 1659 Wclcherus
786 1594 939 1661 intellexit
970 1595 1021 1674 (ci.
1045 1600 1124 1682 synt.

42 1698 152 1766 draeo.
177 1701 198 1779 ξ
221 1699 262 1763 88
284 1718 302 1764 a
323 1703 409 1774 not).

155 1890 190 1953 P.
203 1889 264 1952 282
277 1890 296 1954 d
308 1890 340 1955 ct
351 1908 376 1955 e.
413 1888 614 1970 Epicharmus
636 1890 667 1953 in
689 1890 802 1974 fabula,
819 1911 887 1975 quae
902 1893 1126 1960 inscribebatur

56 1997 205 2075 Modum,
234 2001 271 2061 ut
301 1996 440 2062 solebant
465 1993 620 2060 interdum
649 1997 870 2063 comediarum
899 1999 1064 2083 scriptores
1092 2000 1125 2065 in

50 2123 198 2170 cenarum
228 2104 381 2186 apparatu
414 2102 609 2184 ciborumque
646 2102 809 2185 generibus
842 2103 1000 2187 splendide
1034 2108 1126 2190 longa

55 2228 201 2276 versuum
225 2210 302 2273 serie
324 2208 598 2274 commemorandis
619 2206 736 2283 ludere,
767 2209 868 2292 pisces
896 2229 981 2276 raros
1003 2216 1035 2278 et
1054 2230 1125 2295 pre-

56 2316 156 2382 tiosos
177 2314 293 2380 alicubi
314 2315 467 2397 appositos
490 2317 729 2389 enumeraverat
747 2316 830 2380 inter
845 2335 921 2399 quos
937 2335 1018 2390 cum,
1034 2337 1127 2401 quem

45 2422 157 2488 =Graeci
180 2425 286 2488 ἔλοπα
310 2420 515 2503 appellabant,
538 2422 591 2504 qni
613 2421 682 2488 aliis
697 2421 872 2488 nominibus
893 2424 1079 2509 καλλίχθος
1094 2427 1126 2489 et

54 2524 294 2612 καλλιώνυμος
328 2529 503 2594 uocabatur.
550 2528 595 2593 Ex
629 2547 666 2593 eo
701 2526 814 2593 fabulae
846 2527 912 2594 loco
944 2530 1009 2595 haec
1044 2531 1125 2612 apud

58 2635 246 2702 Athenaeum
269 2637 439 2719 ponuntur:

101 2781 175 2854 Τόν
197 2813 233 2852 τε
257 2790 493 2872 πολυτίματον
515 2791 634 2863 ἔλοπα,
658 2781 677 2853 ὅ
700 2779 730 2854 δ’
751 2780 855 2862 αιίτός
874 2783 997 2875 χαλκός
1012 2786 1124 2866 ὤνιος,

96 2905 158 2961 ἕνα
180 2888 304 2979 μόνον,
329 2896 382 2961 καί
407 2895 511 2979 κῆνον
534 2889 552 2960 ὁ
575 2892 667 2968 Ζειίς
690 2897 792 2980 ἔλαβε
816 2887 1024 2980 κήκελήσατο

96 3006 275 3084 κατθέμεν
297 2995 387 3088 αὐτῷ
410 3007 446 3068 τὲ
467 3007 500 3068 οἱ
522 3004 577 3069 καί
600 3003 640 3088 τᾷ
664 2997 810 3087 δοίμαρτι
832 3007 982 3087 θωτέρω.

157 3143 295 3208 Primum
328 3146 456 3226 apparet
488 3144 659 3210 certissimo
691 3143 807 3209 indicio
840 3141 986 3208 orationis
1018 3143 1125 3210 lormae

45 3243 88 3330 td
112 3243 143 3316 δ’
165 3242 284 3330 αὐτός)
315 3251 346 3314 in
372 3248 486 3316 litteris
516 3269 605 3316 sensu
633 3249 728 3316 cassis
756 3244 879 3336 χαλκός
908 3244 1007 3322 ὤνιος
1029 3249 1125 3316 latere

55 3357 189 3424 alterum
209 3356 303 3441 piscis
324 3374 433 3421 nomen
451 3357 709 3440 scribendumque
723 3374 790 3421 csse
802 3350 843 3422 :d
859 3347 890 3421 δ’
903 3350 1009 3429 αὐτὸς
1031 3359 1124 3422 καλ-

57 3460 291 3548 λιώνυμος,
316 3483 352 3529 ex
374 3483 433 3548 quo
454 3463 594 3545 sequitur
614 3464 696 3544 apud
714 3461 816 3544 ipsum
832 3462 1013 3527 Athenaeum
1033 3463 1124 3544 paulo

45 3575 129 3638 ,anre
149 3590 204 3654 pro
227 3572 404 3658 σεσίγηκεν
426 3569 622 3637 scribendum
644 3587 710 3635 osse
732 3559 780 3634 ον’
804 3571 991 3656 σεσίγηκεν.
1019 3567 1124 3651 Atque

57 3679 87 3743 id
109 3678 273 3762 perspicue
294 3677 362 3761 ipsa
383 3678 537 3743 sententia
558 3675 690 3758 requirit
712 3677 744 3740 et
765 3674 910 3740 Athenai
939 3675 1122 3752 consilium;

57 3804 155 3869 neque
188 3783 270 3850 enim
303 3787 377 3860 erat,
412 3803 466 3848 cur
499 3783 559 3848 duo
591 3782 692 3848 altera
724 3783 847 3856 ἔλοπος
883 3782 1007 3848 nomina
1042 3782 1123 3865 apud

59 3891 276 3975 Epicharmum
298 3911 357 3957 non
380 3890 443 3975 legi
466 3889 627 3955 annotaret
634 3910 642 3971 ;
676 3888 783 3954 contra
811 3888 969 3970 aptissimo
990 3889 1121 3965 additur,

58 4017 95 4063 ne
127 3998 260 4063 alterum
290 3979 419 4080 quidem
453 4013 563 4061 nomen
594 3995 861 4076 opulchritudine
884 3993 975 4077 piscis
997 3995 1123 4059 ductum

48 4103 138 4187 ¹apud
159 4102 381 4185 Epicharmum
403 4103 517 4167 deesse.
554 4100 669 4166 Verum
685 4099 734 4164 his
749 4097 894 4164 correctis
910 4099 1007 4165 nihilo
1023 4100 1122 4182 magis
