2740 4572
409 251 568 307 Ammianus
587 251 771 308 Marcellinus.
966 311 970 320 ,
1023 251 1082 312 255

49 450 193 529 ternpore
217 467 235 512 a
255 449 479 529 provinciarum
511 449 619 514 incolis
648 447 771 525 4444444,
802 467 873 513 curn
903 465 959 530 444
989 465 1040 512 444
1062 446 1126 512 444-

50 555 207 618 terimam
229 555 331 620 nuntii
354 555 565 621 discurrerent.
609 555 723 637 Aperte
745 553 969 637 provinciarum
993 553 1126 618 rectores

50 660 281 744 significantur,
304 680 378 744 quos
401 660 586 726 Ammianus
616 679 670 725 suo
700 679 784 725 more
810 658 966 735 vocabulo,
990 658 1026 722 nt
1047 677 1128 725 nune

50 766 224 849 loquimur,
253 767 418 832 abstracte
450 767 584 831 notionis
614 771 645 832 et
675 766 776 830 neutri
803 766 923 849 generis
947 753 1126 848 4444114444,

51 874 120 937 4444
143 871 286 939 dominia
308 872 434 954 scripsit
455 871 519 937 sive
541 871 690 938 culmina.

158 979 226 1043 Lib.
238 977 339 1052 11111,
351 980 380 1055 4
394 979 432 1040 14
449 979 492 1054 (44
508 978 712 1060 descriptione
727 977 856 1044 obelisci
871 976 1024 1043 Romaeru
1042 976 1128 1041 Circo

52 1087 194 1149 maximo
228 1085 351 1160 erecti):
387 1085 479 1150 Sola
510 1087 602 1166 444
588 1084 712 1149 44444
744 1085 927 1150 44444444
958 1085 1067 1150 4444
1074 1101 1126 1159 44

52 1212 138 1274 quae
175 1192 238 1257 444
270 1197 337 1256 444
370 1211 414 1256 44
447 1192 510 1255 444
542 1191 701 1272 quidem
736 1191 977 1272 sperabatur
1008 1206 1129 1271 posse

54 1298 273 1380 compleri;
296 1297 529 1380 idestisque
552 1296 778 1387 perieulum
799 1294 898 1361 414444
921 1295 1129 1368 trabibus,

53 1411 97 1468 ut
134 1403 409 1478 machinarum
447 1422 633 1472 cerneres
669 1420 822 1479 nemus,
865 1402 1132 1466 innectuntur·

55 1509 305 1576 4441414444
328 1510 498 1592 oblongi
522 1511 580 1575 cet.
630 1509 674 1572 iix
695 1511 839 1589 corrupta
860 1506 917 1571 hac
940 1507 1078 1571 codicum
1102 1507 1130 1570 V

56 1623 88 1680 44
112 1617 139 1680 Ρ
164 1615 315 1698 444444444
347 1616 500 1696 Η4444144
534 1613 634 1680 4114444
670 1613 928 1698 digestisque
959 1612 1005 1677 ad
1039 1630 1131 1693 per-

55 1721 320 1804 pendiculum
343 1721 443 1786 altis
466 1721 668 1796 trabibus;
692 1721 745 1784 sod
768 1719 913 1803 quoniam
935 1737 1034 1803 neque
1049 1736 1130 1799 prae·

56 1827 223 1910 positionis
246 1827 291 1892 ad
313 1829 411 1893 ullum
434 1829 465 1892 in
487 1826 646 1892 codicibus
674 1829 722 1894 est
746 1825 913 1908 vestigium
935 1841 1032 1906 neque
1055 1840 1131 1904 opus

56 1937 126 1999 erat
160 1953 285 2016 prorsus
318 1934 357 1998 ad
392 1932 647 2015 perpendiculum
675 1934 778 2000 trabes
808 1933 894 2014 erigi,
926 1929 1029 2012 potius
1058 1929 1131 1993 seri·

56 2041 197 2107 444444]
220 2048 284 2105 4444
320 2039 578 2124 digestisque
602 2037 838 2122 444444441444
867 2035 968 2101 altis
997 2034 1129 2099 trabi-

56 2151 143 2212 bus.
188 2147 303 2212 Trabes
319 2147 351 2209 in
366 2147 468 2211 orbern
487 2146 568 2210 eirca
584 2143 752 2210 obeliscum
767 2143 991 2208 statuebantur.
1036 2139 1135 2204 Paulo

60 2255 136 2334 4444
158 2271 194 2316 44
216 2251 331 2318 14444444
356 2251 493 2317 codicum
521 2248 801 2332 paulatimque
822 2247 862 2327 id
884 2265 953 2328 444
974 2244 1132 2310 arduum

60 2364 181 2424 inane
215 2359 305 2441 4444
311 2361 378 2422 444
386 2376 428 2420 44
458 2355 580 2420 14441144
611 2357 643 2420 44
671 2355 793 2432 4444444,
816 2373 908 2437 quam
929 2350 1010 2434 quod
1034 2368 1132 2431 nuper

62 2469 215 2546 scripum
252 2470 315 2536 444,
354 2463 501 2528 1114444
545 2461 824 2544 paulatimque
860 2459 895 2524 44
933 2453 1136 2541 perarduum

62 2573 184 2636 inane
206 2571 429 2652 protentus.

169 2688 246 2754 ibid.
281 2691 311 2765 5,
340 2688 382 2753 6:
418 2687 594 2768 Ideoque
631 2683 858 2748 Armeniam
895 2694 1139 2760 recuperare

64 2815 150 2859 curn
184 2793 478 2877 Mesopotamia
511 2792 652 2868 debeo,
688 2809 757 2856 444
793 2783 1137 2867 44444444444444

65 2902 208 2967 fraude
227 2901 475 2983 praereptam.
515 2899 626 2963 lllud
648 2896 751 2980 apud
772 2913 842 2960 nos
864 2910 1072 2976 numquam
1095 2889 1132 2953 in

66 3010 275 3090 acceptum
299 3005 444 3083 144444,
462 3005 565 3088 quod
587 3003 778 3070 asseritis
798 3019 865 3066 444
882 2999 1142 3073 exsultantes,

67 3112 182 3178 nullo
226 3112 464 3178 discrimine
509 3109 681 3174 virtutis
723 3127 766 3172 ao
805 3105 887 3171 doli
923 3119 1138 3188 prosperos

68 3239 203 3286 ornnes
239 3217 399 3283 laudari
437 3217 580 3280 debere
617 3213 1034 3278 bellorumeuentus.¹
1087 3208 1140 3273 Sic

68 3327 198 3392 codices.
240 3327 347 3390 idiuns
370 3323 501 3388 feliciter
523 3320 669 3385 4441444
691 3318 825 3400 Hauptio
849 3335 898 3382 ree
918 3313 1021 3392 444444,
1039 3315 1141 3395 quiet

69 3436 201 3499 fretus
226 3432 376 3497 uiolenter
401 3431 432 3494 in
454 3429 613 3493 feretur
634 3425 768 3488 mutavit
790 3424 822 3488 et
838 3420 993 3486 locutioni
1016 3421 1055 3482 in
1080 3437 1139 3483 ae·
1165 3430 1181 3473 ἅ

69 3541 237 3622 ceptum
250 3539 372 3612 14444,
396 3554 464 3619 quae
485 3537 553 3617 ipsa
572 3531 720 3597 inusitata
735 3532 782 3594 eat
796 3546 850 3611 pro
866 3546 910 3607 44,
926 3525 1009 3610 quod
1025 3525 1141 3589 dicitur

70 3647 279 3727 acceptum
323 3645 446 3720 ferre,
497 3637 753 3723 significationem
796 3632 968 3698 inauditam
1012 3629 1140 3696 4144411.

71 3752 179 3817 Oratio
213 3752 249 3814 et
287 3749 442 3815 sententie
480 3746 653 3812 rectissima
691 3741 823 3809 eflicitur
861 3737 1006 3804 restituto
1047 3736 1140 3802 nnius

71 3859 182 3923 litterae
218 3858 388 3922 mutatione
421 3853 573 3919 infinitivo
610 3851 730 3934 passivo
769 3847 865 3911 futuri
898 3845 1053 3927 temporis,
1087 3839 1140 3924 qui

73 3983 193 4046 444444
222 3963 354 4028 librariis
385 3961 571 4043 depravatus
603 3961 668 4023 est:
703 3954 877 4036 ideoque
912 3946 1141 4016 Armeniam

72 4089 312 4153 recuperare
335 4115 343 4130 .
367 4115 374 4130 .
398 4068 538 4141 debeo,
561 4081 630 4129 444
653 4079 736 4126 meo
759 4057 984 4140 composita
1002 4051 1142 4119 χ144444
