<?xml version="1.0" encoding="UTF-8"?>
<!DOCTYPE html PUBLIC "-//W3C//DTD XHTML 1.0 Transitional//EN"
    "http://www.w3.org/TR/xhtml1/DTD/xhtml1-transitional.dtd">
<html xmlns="http://www.w3.org/1999/xhtml" xml:lang="en" lang="en">
 <head>
  <title>
</title>
<meta http-equiv="Content-Type" content="text/html;charset=utf-8" />
  <meta name='ocr-system' content='tesseract 3.04.00' />
  <meta name='ocr-capabilities' content='ocr_page ocr_carea ocr_par ocr_line ocrx_word'/>
</head>
<body>
  <div class='ocr_page' id='page_1' title='image "./adversariacriti01madvgoog_0116.png"; bbox 0 0 2712 4576; ppageno 0'>
   <div class='ocr_carea' id='block_1_1' title="bbox 449 267 1075 330">
    <p class='ocr_par' dir='ltr' id='par_1_1' title="bbox 449 267 1075 330">
     <span class='ocr_line' id='line_1_1' title="bbox 449 267 1075 330; baseline 0.01 -8"><span class='ocrx_word' id='word_1_1' title='bbox 449 268 589 323; x_wconf 81' lang='lat' dir='ltr'>Ciceronis</span> <span class='ocrx_word' id='word_1_2' title='bbox 608 269 718 323; x_wconf 88' lang='lat' dir='ltr'>Brutus.</span> <span class='ocrx_word' id='word_1_3' title='bbox 1017 267 1075 330; x_wconf 83' lang='grc'>105</span> 
     </span>
    </p>
   </div>
   <div class='ocr_carea' id='block_1_2' title="bbox 47 463 1141 3095">
    <p class='ocr_par' dir='ltr' id='par_1_2' title="bbox 48 463 1122 1503">
     <span class='ocr_line' id='line_1_2' title="bbox 140 463 1122 550; baseline -0.001 -20"><span class='ocrx_word' id='word_1_4' title='bbox 140 464 226 532; x_wconf 93' lang='lat' dir='ltr'>Ibid.</span> <span class='ocrx_word' id='word_1_5' title='bbox 266 467 341 531; x_wconf 86' lang='lat'><strong>169:</strong></span> <span class='ocrx_word' id='word_1_6' title='bbox 381 467 552 532; x_wconf 91' lang='lat' dir='ltr'>omnium</span> <span class='ocrx_word' id='word_1_7' title='bbox 588 465 718 531; x_wconf 88' lang='lat' dir='ltr'>autem</span> <span class='ocrx_word' id='word_1_8' title='bbox 753 463 1122 550; x_wconf 86' lang='lat' dir='ltr'>eloquentissimus</span> 
     </span>
     <span class='ocr_line' id='line_1_3' title="bbox 52 571 1122 640; baseline 0 -5"><span class='ocrx_word' id='word_1_9' title='bbox 52 573 162 639; x_wconf 76' lang='lat' dir='ltr'>extra</span> <span class='ocrx_word' id='word_1_10' title='bbox 197 575 297 640; x_wconf 90' lang='lat' dir='ltr'>hano</span> <span class='ocrx_word' id='word_1_11' title='bbox 328 574 463 639; x_wconf 91' lang='lat' dir='ltr'>urbem</span> <span class='ocrx_word' id='word_1_12' title='bbox 494 573 528 638; x_wconf 81' lang='grc' dir='ltr'>Τ.</span> <span class='ocrx_word' id='word_1_13' title='bbox 559 571 753 638; x_wconf 79' lang='lat' dir='ltr'>Betucius</span> <span class='ocrx_word' id='word_1_14' title='bbox 777 572 924 638; x_wconf 89' lang='lat' dir='ltr'>Barrus</span> <span class='ocrx_word' id='word_1_15' title='bbox 945 573 1122 638; x_wconf 86' lang='lat' dir='ltr'>Ascula-</span> 
     </span>
     <span class='ocr_line' id='line_1_4' title="bbox 50 677 1121 770; baseline 0 -28"><span class='ocrx_word' id='word_1_16' title='bbox 50 697 128 758; x_wconf 84' lang='lat' dir='ltr'>nus,</span> <span class='ocrx_word' id='word_1_17' title='bbox 153 681 265 747; x_wconf 89' lang='lat' dir='ltr'>cuius</span> <span class='ocrx_word' id='word_1_18' title='bbox 285 681 374 745; x_wconf 88' lang='lat' dir='ltr'>suut</span> <span class='ocrx_word' id='word_1_19' title='bbox 394 679 556 763; x_wconf 86' lang='lat' dir='ltr'>aliquot</span> <span class='ocrx_word' id='word_1_20' title='bbox 578 677 775 770; x_wconf 83' lang='lat' dir='ltr'>orationes</span> <span class='ocrx_word' id='word_1_21' title='bbox 797 678 934 744; x_wconf 83' lang='lat' dir='ltr'>Asculi</span> <span class='ocrx_word' id='word_1_22' title='bbox 956 677 1121 751; x_wconf 66' lang='lat' dir='ltr'>habitae,</span> 
     </span>
     <span class='ocr_line' id='line_1_5' title="bbox 50 783 1120 868; baseline 0.002 -22"><span class='ocrx_word' id='word_1_23' title='bbox 50 785 114 850; x_wconf 85' lang='lat' dir='ltr'>illa</span> <span class='ocrx_word' id='word_1_24' title='bbox 148 787 276 852; x_wconf 85' lang='lat' dir='ltr'>Romae</span> <span class='ocrx_word' id='word_1_25' title='bbox 318 788 455 852; x_wconf 88' lang='lat' dir='ltr'>contra</span> <span class='ocrx_word' id='word_1_26' title='bbox 488 785 709 868; x_wconf 89' lang='lat' dir='ltr'>Caepionem</span> <span class='ocrx_word' id='word_1_27' title='bbox 741 784 897 850; x_wconf 89' lang='lat' dir='ltr'>nobilis</span> <span class='ocrx_word' id='word_1_28' title='bbox 932 783 1024 851; x_wconf 88' lang='lat' dir='ltr'>sarie</span> <span class='ocrx_word' id='word_1_29' title='bbox 1057 787 1120 851; x_wconf 84' lang='lat' dir='ltr'>cet</span> 
     </span>
     <span class='ocr_line' id='line_1_6' title="bbox 51 891 1115 977; baseline 0.001 -23"><span class='ocrx_word' id='word_1_30' title='bbox 51 891 216 958; x_wconf 88' lang='lat' dir='ltr'>Pronomen</span> <span class='ocrx_word' id='word_1_31' title='bbox 239 893 328 967; x_wconf 89' lang='lat' dir='ltr'>ille,</span> <span class='ocrx_word' id='word_1_32' title='bbox 350 893 429 977; x_wconf 90' lang='lat' dir='ltr'>quod</span> <span class='ocrx_word' id='word_1_33' title='bbox 451 894 482 957; x_wconf 93' lang='lat' dir='ltr'>in</span> <span class='ocrx_word' id='word_1_34' title='bbox 504 911 536 956; x_wconf 88' lang='lat' dir='ltr'>re</span> <span class='ocrx_word' id='word_1_35' title='bbox 557 893 631 956; x_wconf 86' lang='lat' dir='ltr'>uota</span> <span class='ocrx_word' id='word_1_36' title='bbox 659 891 898 957; x_wconf 81' lang='lat' dir='ltr'>demonstrando</span> <span class='ocrx_word' id='word_1_37' title='bbox 925 894 997 972; x_wconf 88' lang='lat' dir='ltr'>poni</span> <span class='ocrx_word' id='word_1_38' title='bbox 1028 891 1115 964; x_wconf 82' lang='lat' dir='ltr'>solet,</span> 
     </span>
     <span class='ocr_line' id='line_1_7' title="bbox 49 998 1115 1083; baseline 0 -21"><span class='ocrx_word' id='word_1_39' title='bbox 49 998 92 1064; x_wconf 89' lang='lat' dir='ltr'>hic</span> <span class='ocrx_word' id='word_1_40' title='bbox 114 999 201 1066; x_wconf 90' lang='lat' dir='ltr'>nullo</span> <span class='ocrx_word' id='word_1_41' title='bbox 223 999 314 1066; x_wconf 91' lang='lat' dir='ltr'>modo</span> <span class='ocrx_word' id='word_1_42' title='bbox 335 999 407 1064; x_wconf 78' lang='lat' dir='ltr'>ferri</span> <span class='ocrx_word' id='word_1_43' title='bbox 428 1000 624 1083; x_wconf 86' lang='lat' dir='ltr'>potestante</span> <span class='ocrx_word' id='word_1_44' title='bbox 652 999 710 1063; x_wconf 88' lang='lat' dir='ltr'>loci</span> <span class='ocrx_word' id='word_1_45' title='bbox 740 1016 848 1064; x_wconf 89' lang='lat' dir='ltr'>nomen</span> <span class='ocrx_word' id='word_1_46' title='bbox 879 998 1034 1082; x_wconf 77' lang='lat' dir='ltr'>(Roma)</span> <span class='ocrx_word' id='word_1_47' title='bbox 1060 1017 1115 1079; x_wconf 90' lang='grc' dir='ltr'>1ο-</span> 
     </span>
     <span class='ocr_line' id='line_1_8' title="bbox 50 1103 1121 1186; baseline 0.001 -19"><span class='ocrx_word' id='word_1_48' title='bbox 50 1103 146 1182; x_wconf 82' lang='lat' dir='ltr'>situm,</span> <span class='ocrx_word' id='word_1_49' title='bbox 182 1104 355 1171; x_wconf 88' lang='lat' dir='ltr'>seiunctum</span> <span class='ocrx_word' id='word_1_50' title='bbox 388 1106 427 1171; x_wconf 88' lang='lat' dir='ltr'>ab</span> <span class='ocrx_word' id='word_1_51' title='bbox 459 1105 557 1186; x_wconf 88' lang='lat' dir='ltr'>ipsius</span> <span class='ocrx_word' id='word_1_52' title='bbox 589 1105 733 1170; x_wconf 87' lang='lat' dir='ltr'>orationis</span> <span class='ocrx_word' id='word_1_53' title='bbox 770 1108 803 1171; x_wconf 89' lang='lat' dir='ltr'>et</span> <span class='ocrx_word' id='word_1_54' title='bbox 839 1105 905 1170; x_wconf 90' lang='lat' dir='ltr'>eius</span> <span class='ocrx_word' id='word_1_55' title='bbox 942 1103 1121 1169; x_wconf 88' lang='lat' dir='ltr'>nobilitatis</span> 
     </span>
     <span class='ocr_line' id='line_1_9' title="bbox 49 1210 1116 1294; baseline 0 -21"><span class='ocrx_word' id='word_1_56' title='bbox 49 1211 277 1294; x_wconf 87' lang='lat' dir='ltr'>significatione.</span> <span class='ocrx_word' id='word_1_57' title='bbox 335 1211 536 1278; x_wconf 85' lang='lat' dir='ltr'>Scribendum</span> <span class='ocrx_word' id='word_1_58' title='bbox 570 1212 634 1276; x_wconf 84' lang='lat' dir='ltr'>eut:</span> <span class='ocrx_word' id='word_1_59' title='bbox 673 1210 786 1277; x_wconf 88' lang='lat' dir='ltr'>cuius</span> <span class='ocrx_word' id='word_1_60' title='bbox 824 1211 919 1275; x_wconf 91' lang='lat' dir='ltr'>sunt</span> <span class='ocrx_word' id='word_1_61' title='bbox 955 1210 1116 1292; x_wconf 89' lang='lat' dir='ltr'>aliquot</span> 
     </span>
     <span class='ocr_line' id='line_1_10' title="bbox 49 1317 1121 1395; baseline -0.001 -14"><span class='ocrx_word' id='word_1_62' title='bbox 49 1318 253 1384; x_wconf 89' lang='lat' dir='ltr'>orationes</span> <span class='ocrx_word' id='word_1_63' title='bbox 276 1317 416 1383; x_wconf 80' lang='lat' dir='ltr'>Asculi</span> <span class='ocrx_word' id='word_1_64' title='bbox 439 1317 603 1395; x_wconf 79' lang='lat' dir='ltr'>habitae,</span> <span class='ocrx_word' id='word_1_65' title='bbox 625 1334 691 1384; x_wconf 85' lang='lat' dir='ltr'>una</span> <span class='ocrx_word' id='word_1_66' title='bbox 713 1317 857 1395; x_wconf 76' lang='lat' dir='ltr'>Roma,</span> <span class='ocrx_word' id='word_1_67' title='bbox 878 1318 1020 1382; x_wconf 84' lang='lat' dir='ltr'>contra</span> <span class='ocrx_word' id='word_1_68' title='bbox 1042 1317 1121 1382; x_wconf 78' lang='lat' dir='ltr'>Ca-</span> 
     </span>
     <span class='ocr_line' id='line_1_11' title="bbox 48 1423 586 1503; baseline 0.004 -16"><span class='ocrx_word' id='word_1_69' title='bbox 48 1424 216 1503; x_wconf 79' lang='grc'>1111111,</span> <span class='ocrx_word' id='word_1_70' title='bbox 238 1423 389 1489; x_wconf 91' lang='lat' dir='ltr'>nobilis</span> <span class='ocrx_word' id='word_1_71' title='bbox 412 1442 504 1489; x_wconf 84' lang='lat' dir='ltr'>sane</span> <span class='ocrx_word' id='word_1_72' title='bbox 528 1426 586 1489; x_wconf 90' lang='lat' dir='ltr'>cet.</span> 
     </span>
    </p>

    <p class='ocr_par' dir='ltr' id='par_1_3' title="bbox 49 1528 1122 1828">
     <span class='ocr_line' id='line_1_12' title="bbox 58 1528 1122 1614; baseline 0.002 -20"><span class='ocrx_word' id='word_1_73' title='bbox 58 1536 62 1544; x_wconf 78' lang='lat'>‘</span> <span class='ocrx_word' id='word_1_74' title='bbox 144 1531 222 1595; x_wconf 86' lang='lat' dir='ltr'>lbid.</span> <span class='ocrx_word' id='word_1_75' title='bbox 239 1531 314 1596; x_wconf 82' lang='lat'>187:</span> <span class='ocrx_word' id='word_1_76' title='bbox 337 1530 465 1610; x_wconf 78' lang='lat' dir='ltr'>Quare</span> <span class='ocrx_word' id='word_1_77' title='bbox 487 1531 642 1596; x_wconf 79' lang='lat' dir='ltr'>tibicen</span> <span class='ocrx_word' id='word_1_78' title='bbox 666 1528 939 1614; x_wconf 78' lang='lat' dir='ltr'>Antigenidas</span> <span class='ocrx_word' id='word_1_79' title='bbox 961 1528 1122 1596; x_wconf 83' lang='lat' dir='ltr'>dixerit</span> 
     </span>
     <span class='ocr_line' id='line_1_13' title="bbox 49 1635 1121 1720; baseline -0.001 -21"><span class='ocrx_word' id='word_1_80' title='bbox 49 1636 248 1719; x_wconf 88' lang='lat' dir='ltr'>discipulo</span> <span class='ocrx_word' id='word_1_81' title='bbox 271 1655 365 1702; x_wconf 85' lang='lat' dir='ltr'>sane</span> <span class='ocrx_word' id='word_1_82' title='bbox 386 1635 560 1720; x_wconf 79' lang='lat' dir='ltr'>frigenti</span> <span class='ocrx_word' id='word_1_83' title='bbox 582 1636 629 1702; x_wconf 90' lang='lat' dir='ltr'>ad</span> <span class='ocrx_word' id='word_1_84' title='bbox 647 1637 851 1719; x_wconf 85' lang='lat' dir='ltr'>populum:</span> <span class='ocrx_word' id='word_1_85' title='bbox 877 1635 994 1711; x_wconf 88' lang='lat' dir='ltr'>„Mihi</span> <span class='ocrx_word' id='word_1_86' title='bbox 1017 1654 1121 1701; x_wconf 86' lang='lat' dir='ltr'>caue</span> 
     </span>
     <span class='ocr_line' id='line_1_14' title="bbox 51 1739 1118 1828; baseline -0.002 -22"><span class='ocrx_word' id='word_1_87' title='bbox 51 1745 85 1806; x_wconf 90' lang='grc'>11</span> <span class='ocrx_word' id='word_1_88' title='bbox 119 1741 286 1819; x_wconf 82' lang='lat' dir='ltr'>Musis“;</span> <span class='ocrx_word' id='word_1_89' title='bbox 334 1761 404 1828; x_wconf 88' lang='lat' dir='ltr'>ego</span> <span class='ocrx_word' id='word_1_90' title='bbox 441 1743 535 1808; x_wconf 89' lang='lat' dir='ltr'>huic</span> <span class='ocrx_word' id='word_1_91' title='bbox 570 1743 694 1808; x_wconf 87' lang='lat' dir='ltr'>Bruto</span> <span class='ocrx_word' id='word_1_92' title='bbox 731 1743 887 1808; x_wconf 89' lang='lat' dir='ltr'>dicenti</span> <span class='ocrx_word' id='word_1_93' title='bbox 932 1790 970 1807; x_wconf 91' lang='lat'>..</span> <span class='ocrx_word' id='word_1_94' title='bbox 1012 1739 1118 1824; x_wconf 87' lang='lat' dir='ltr'>apud</span> 
     </span>
    </p>

    <p class='ocr_par' dir='ltr' id='par_1_4' title="bbox 48 1849 1138 2151">
     <span class='ocr_line' id='line_1_15' title="bbox 48 1849 1138 1933; baseline 0 -20"><span class='ocrx_word' id='word_1_95' title='bbox 48 1849 351 1915; x_wconf 87' lang='lat' dir='ltr'>multitudinem</span> <span class='ocrx_word' id='word_1_96' title='bbox 374 1849 492 1928; x_wconf 85' lang='lat' dir='ltr'>„mihi</span> <span class='ocrx_word' id='word_1_97' title='bbox 515 1867 609 1915; x_wconf 89' lang='lat' dir='ltr'>cane</span> <span class='ocrx_word' id='word_1_98' title='bbox 631 1850 669 1915; x_wconf 92' lang='lat' dir='ltr'>et</span> <span class='ocrx_word' id='word_1_99' title='bbox 691 1850 854 1933; x_wconf 81' lang='lat' dir='ltr'>populo,</span> <span class='ocrx_word' id='word_1_100' title='bbox 882 1851 932 1915; x_wconf 92' lang='lat' dir='ltr'>mi</span> <span class='ocrx_word' id='word_1_101' title='bbox 954 1849 1138 1924; x_wconf 52' lang='lat' dir='ltr'>Brutos*v</span> 
     </span>
     <span class='ocr_line' id='line_1_16' title="bbox 48 1954 1120 2022; baseline -0.001 -3"><span class='ocrx_word' id='word_1_102' title='bbox 48 1955 210 2020; x_wconf 83' lang='lat' dir='ltr'>dixerim</span> <span class='ocrx_word' id='word_1_103' title='bbox 234 1957 293 2021; x_wconf 89' lang='lat' dir='ltr'>cet.</span> <span class='ocrx_word' id='word_1_104' title='bbox 346 1956 382 2020; x_wconf 93' lang='lat' dir='ltr'>In</span> <span class='ocrx_word' id='word_1_105' title='bbox 411 1954 469 2022; x_wconf 90' lang='lat' dir='ltr'>boo</span> <span class='ocrx_word' id='word_1_106' title='bbox 497 1956 659 2022; x_wconf 85' lang='lat' dir='ltr'>uerborum</span> <span class='ocrx_word' id='word_1_107' title='bbox 682 1957 786 2022; x_wconf 88' lang='lat' dir='ltr'>ordine</span> <span class='ocrx_word' id='word_1_108' title='bbox 815 1957 997 2022; x_wconf 80' lang='lat' dir='ltr'>adverbium</span> <span class='ocrx_word' id='word_1_109' title='bbox 1019 1973 1120 2020; x_wconf 89' lang='lat' dir='ltr'>saue</span> 
     </span>
     <span class='ocr_line' id='line_1_17' title="bbox 50 2061 1119 2151; baseline -0.002 -25"><span class='ocrx_word' id='word_1_110' title='bbox 50 2062 215 2151; x_wconf 84' lang='lat' dir='ltr'>necessario</span> <span class='ocrx_word' id='word_1_111' title='bbox 239 2080 310 2128; x_wconf 92' lang='lat' dir='ltr'>oum</span> <span class='ocrx_word' id='word_1_112' title='bbox 331 2061 505 2146; x_wconf 77' lang='lat' dir='ltr'>frigenti</span> <span class='ocrx_word' id='word_1_113' title='bbox 527 2062 725 2147; x_wconf 88' lang='lat' dir='ltr'>coniungitur</span> <span class='ocrx_word' id='word_1_114' title='bbox 741 2065 933 2147; x_wconf 83' lang='lat' dir='ltr'>exoriturque</span> <span class='ocrx_word' id='word_1_115' title='bbox 949 2063 1119 2129; x_wconf 80' lang='lat' dir='ltr'>affirmatio</span> 
     </span>
    </p>

    <p class='ocr_par' dir='ltr' id='par_1_5' title="bbox 50 2168 1118 2253">
     <span class='ocr_line' id='line_1_18' title="bbox 50 2168 1118 2253; baseline 0 -22"><span class='ocrx_word' id='word_1_116' title='bbox 50 2169 77 2232; x_wconf 85' lang='grc'>11</span> <span class='ocrx_word' id='word_1_117' title='bbox 90 2168 245 2235; x_wconf 88' lang='lat' dir='ltr'>concessio</span> <span class='ocrx_word' id='word_1_118' title='bbox 261 2186 383 2252; x_wconf 85' lang='lat' dir='ltr'>prorsus</span> <span class='ocrx_word' id='word_1_119' title='bbox 401 2168 516 2250; x_wconf 85' lang='lat' dir='ltr'>inepta,</span> <span class='ocrx_word' id='word_1_120' title='bbox 538 2169 643 2253; x_wconf 88' lang='lat' dir='ltr'>negari</span> <span class='ocrx_word' id='word_1_121' title='bbox 655 2189 715 2236; x_wconf 92' lang='lat' dir='ltr'>non</span> <span class='ocrx_word' id='word_1_122' title='bbox 729 2189 818 2252; x_wconf 87' lang='lat' dir='ltr'>posse</span> <span class='ocrx_word' id='word_1_123' title='bbox 831 2172 944 2253; x_wconf 87' lang='lat' dir='ltr'>populo</span> <span class='ocrx_word' id='word_1_124' title='bbox 956 2168 1118 2234; x_wconf 85' lang='lat' dir='ltr'>tibicinem</span> 
     </span>
    </p>

    <p class='ocr_par' dir='ltr' id='par_1_6' title="bbox 48 2272 1115 2369">
     <span class='ocr_line' id='line_1_19' title="bbox 48 2272 1115 2369; baseline -0.001 -32"><span class='ocrx_word' id='word_1_125' title='bbox 48 2273 130 2340; x_wconf 90' lang='lat' dir='ltr'>illum</span> <span class='ocrx_word' id='word_1_126' title='bbox 163 2275 375 2369; x_wconf 81' lang='lat' dir='ltr'>displicuisse3</span> <span class='ocrx_word' id='word_1_127' title='bbox 406 2276 485 2339; x_wconf 86' lang='lat' dir='ltr'>hanc</span> <span class='ocrx_word' id='word_1_128' title='bbox 514 2281 618 2341; x_wconf 86' lang='lat' dir='ltr'>autem</span> <span class='ocrx_word' id='word_1_129' title='bbox 647 2277 747 2358; x_wconf 87' lang='lat' dir='ltr'>ipsam</span> <span class='ocrx_word' id='word_1_130' title='bbox 769 2275 1026 2360; x_wconf 86' lang='lat' dir='ltr'>significationem</span> <span class='ocrx_word' id='word_1_131' title='bbox 1052 2272 1115 2337; x_wconf 88' lang='lat' dir='ltr'>alio</span> 
     </span>
    </p>

    <p class='ocr_par' dir='ltr' id='par_1_7' title="bbox 48 2380 1117 2466">
     <span class='ocr_line' id='line_1_20' title="bbox 48 2380 1117 2466; baseline -0.004 -22"><span class='ocrx_word' id='word_1_132' title='bbox 48 2380 109 2446; x_wconf 91' lang='lat' dir='ltr'>loco</span> <span class='ocrx_word' id='word_1_133' title='bbox 148 2383 240 2466; x_wconf 85' lang='lat' dir='ltr'>plane</span> <span class='ocrx_word' id='word_1_134' title='bbox 278 2381 409 2465; x_wconf 86' lang='lat' dir='ltr'>requirit</span> <span class='ocrx_word' id='word_1_135' title='bbox 451 2383 620 2459; x_wconf 81' lang='lat' dir='ltr'>sententia3</span> <span class='ocrx_word' id='word_1_136' title='bbox 664 2383 743 2447; x_wconf 90' lang='lat' dir='ltr'>nibil</span> <span class='ocrx_word' id='word_1_137' title='bbox 783 2382 865 2448; x_wconf 89' lang='lat' dir='ltr'>enim</span> <span class='ocrx_word' id='word_1_138' title='bbox 903 2400 935 2447; x_wconf 91' lang='lat' dir='ltr'>se</span> <span class='ocrx_word' id='word_1_139' title='bbox 971 2396 1117 2445; x_wconf 87' lang='lat' dir='ltr'>recusare</span> 
     </span>
    </p>

    <p class='ocr_par' dir='ltr' id='par_1_8' title="bbox 47 2484 1111 2573">
     <span class='ocr_line' id='line_1_21' title="bbox 47 2484 1111 2573; baseline -0.006 -22"><span class='ocrx_word' id='word_1_140' title='bbox 47 2487 147 2554; x_wconf 91' lang='lat' dir='ltr'>Cicero</span> <span class='ocrx_word' id='word_1_141' title='bbox 180 2487 267 2563; x_wconf 85' lang='lat' dir='ltr'>dicit,</span> <span class='ocrx_word' id='word_1_142' title='bbox 301 2489 373 2570; x_wconf 90' lang='lat' dir='ltr'>quin</span> <span class='ocrx_word' id='word_1_143' title='bbox 404 2488 449 2553; x_wconf 86' lang='lat' dir='ltr'>sic</span> <span class='ocrx_word' id='word_1_144' title='bbox 479 2488 683 2572; x_wconf 80' lang='lat' dir='ltr'>Antigenidas</span> <span class='ocrx_word' id='word_1_145' title='bbox 716 2490 868 2573; x_wconf 87' lang='lat' dir='ltr'>loquatur.</span> <span class='ocrx_word' id='word_1_146' title='bbox 897 2485 958 2554; x_wconf 91' lang='lat' dir='ltr'>sibi</span> <span class='ocrx_word' id='word_1_147' title='bbox 979 2484 1111 2549; x_wconf 87' lang='lat' dir='ltr'>Brutum</span> 
     </span>
    </p>

    <p class='ocr_par' dir='ltr' id='par_1_9' title="bbox 48 2591 1117 2681">
     <span class='ocr_line' id='line_1_22' title="bbox 48 2591 1117 2681; baseline -0.003 -24"><span class='ocrx_word' id='word_1_148' title='bbox 48 2593 132 2659; x_wconf 88' lang='lat' dir='ltr'>aliter</span> <span class='ocrx_word' id='word_1_149' title='bbox 155 2594 375 2677; x_wconf 89' lang='lat' dir='ltr'>alloquendum</span> <span class='ocrx_word' id='word_1_150' title='bbox 403 2612 478 2658; x_wconf 89' lang='lat' dir='ltr'>csse.</span> <span class='ocrx_word' id='word_1_151' title='bbox 534 2595 689 2678; x_wconf 87' lang='lat' dir='ltr'>Scriptum</span> <span class='ocrx_word' id='word_1_152' title='bbox 720 2595 817 2681; x_wconf 82' lang='lat' dir='ltr'>igitur</span> <span class='ocrx_word' id='word_1_153' title='bbox 846 2595 960 2660; x_wconf 85' lang='lat' dir='ltr'>luerat:</span> <span class='ocrx_word' id='word_1_154' title='bbox 982 2591 1117 2670; x_wconf 81' lang='lat' dir='ltr'>Quare</span> 
     </span>
    </p>

    <p class='ocr_par' dir='ltr' id='par_1_10' title="bbox 48 2697 1141 2999">
     <span class='ocr_line' id='line_1_23' title="bbox 48 2697 1141 2792; baseline -0.002 -28"><span class='ocrx_word' id='word_1_155' title='bbox 48 2701 199 2766; x_wconf 88' lang='lat' dir='ltr'>tibicen</span> <span class='ocrx_word' id='word_1_156' title='bbox 222 2700 495 2784; x_wconf 79' lang='lat' dir='ltr'>Antigenidas</span> <span class='ocrx_word' id='word_1_157' title='bbox 518 2702 673 2768; x_wconf 82' lang='lat' dir='ltr'>dixerit</span> <span class='ocrx_word' id='word_1_158' title='bbox 693 2723 788 2770; x_wconf 88' lang='lat' dir='ltr'>sane</span> <span class='ocrx_word' id='word_1_159' title='bbox 810 2699 1014 2784; x_wconf 89' lang='lat' dir='ltr'>discipulo</span> <span class='ocrx_word' id='word_1_160' title='bbox 1037 2697 1141 2792; x_wconf 21' lang='lat' dir='ltr'>iri-⁴</span> 
     </span>
     <span class='ocr_line' id='line_1_24' title="bbox 50 2805 1120 2895; baseline -0.002 -24"><span class='ocrx_word' id='word_1_161' title='bbox 50 2809 157 2890; x_wconf 86' lang='lat' dir='ltr'>genti</span> <span class='ocrx_word' id='word_1_162' title='bbox 178 2807 225 2872; x_wconf 86' lang='lat' dir='ltr'>ad</span> <span class='ocrx_word' id='word_1_163' title='bbox 247 2807 435 2890; x_wconf 87' lang='lat' dir='ltr'>populum</span> <span class='ocrx_word' id='word_1_164' title='bbox 458 2813 515 2872; x_wconf 88' lang='lat' dir='ltr'>cet.</span> <span class='ocrx_word' id='word_1_165' title='bbox 566 2809 694 2875; x_wconf 86' lang='lat' dir='ltr'>Prorsus</span> <span class='ocrx_word' id='word_1_166' title='bbox 723 2809 847 2895; x_wconf 86' lang='lat' dir='ltr'>gemina</span> <span class='ocrx_word' id='word_1_167' title='bbox 873 2809 940 2874; x_wconf 78' lang='lat' dir='ltr'>haee</span> <span class='ocrx_word' id='word_1_168' title='bbox 968 2805 1120 2872; x_wconf 87' lang='lat' dir='ltr'>eorrectio</span> 
     </span>
     <span class='ocr_line' id='line_1_25' title="bbox 51 2913 814 2999; baseline 0.003 -23"><span class='ocrx_word' id='word_1_169' title='bbox 51 2916 94 2978; x_wconf 89' lang='lat' dir='ltr'>est</span> <span class='ocrx_word' id='word_1_170' title='bbox 114 2914 152 2992; x_wconf 79' lang='lat' dir='ltr'>ei,</span> <span class='ocrx_word' id='word_1_171' title='bbox 175 2932 235 2997; x_wconf 89' lang='lat' dir='ltr'>qua</span> <span class='ocrx_word' id='word_1_172' title='bbox 256 2913 348 2994; x_wconf 88' lang='lat' dir='ltr'>paulo</span> <span class='ocrx_word' id='word_1_173' title='bbox 370 2916 441 2978; x_wconf 83' lang='lat' dir='ltr'>aute</span> <span class='ocrx_word' id='word_1_174' title='bbox 464 2917 484 2996; x_wconf 68' lang='grc' dir='ltr'>ξ</span> <span class='ocrx_word' id='word_1_175' title='bbox 507 2915 568 2978; x_wconf 86' lang='grc'>150</span> <span class='ocrx_word' id='word_1_176' title='bbox 589 2917 636 2980; x_wconf 90' lang='lat' dir='ltr'>usi</span> <span class='ocrx_word' id='word_1_177' title='bbox 659 2933 764 2980; x_wconf 89' lang='lat' dir='ltr'>sumus</span> <span class='ocrx_word' id='word_1_178' title='bbox 782 2915 814 2999; x_wconf 87' lang='lat'>*)</span> 
     </span>
    </p>

    <p class='ocr_par' dir='ltr' id='par_1_11' title="bbox 143 3018 1118 3095">
     <span class='ocr_line' id='line_1_26' title="bbox 143 3018 1118 3095; baseline -0.001 -11"><span class='ocrx_word' id='word_1_179' title='bbox 143 3020 221 3086; x_wconf 87' lang='lat' dir='ltr'>lbid.</span> <span class='ocrx_word' id='word_1_180' title='bbox 241 3019 316 3084; x_wconf 78' lang='lat'><strong>197:</strong></span> <span class='ocrx_word' id='word_1_181' title='bbox 340 3021 389 3084; x_wconf 91' lang='lat' dir='ltr'>At</span> <span class='ocrx_word' id='word_1_182' title='bbox 409 3039 517 3095; x_wconf 87' lang='lat' dir='ltr'>vero,</span> <span class='ocrx_word' id='word_1_183' title='bbox 540 3023 583 3085; x_wconf 91' lang='lat' dir='ltr'>ut</span> <span class='ocrx_word' id='word_1_184' title='bbox 605 3025 744 3087; x_wconf 88' lang='lat' dir='ltr'>eontra</span> <span class='ocrx_word' id='word_1_185' title='bbox 766 3021 934 3087; x_wconf 84' lang='lat' dir='ltr'>Crassus</span> <span class='ocrx_word' id='word_1_186' title='bbox 957 3022 1002 3085; x_wconf 92' lang='lat' dir='ltr'>ab</span> <span class='ocrx_word' id='word_1_187' title='bbox 1024 3018 1118 3084; x_wconf 87' lang='lat' dir='ltr'>ado--</span> 
     </span>
    </p>
   </div>
   <div class='ocr_carea' id='block_1_3' title="bbox 100 3259 1118 4158">
    <p class='ocr_par' dir='ltr' id='par_1_12' title="bbox 100 3259 1118 4158">
     <span class='ocr_line' id='line_1_27' title="bbox 100 3259 1118 3332; baseline -0.002 -16"><span class='ocrx_word' id='word_1_188' title='bbox 100 3262 125 3328; x_wconf 88' lang='lat'>*)</span> <span class='ocrx_word' id='word_1_189' title='bbox 144 3260 232 3316; x_wconf 85' lang='lat' dir='ltr'>Simili</span> <span class='ocrx_word' id='word_1_190' title='bbox 250 3260 466 3329; x_wconf 86' lang='lat' dir='ltr'>transpositione</span> <span class='ocrx_word' id='word_1_191' title='bbox 486 3267 550 3317; x_wconf 89' lang='lat' dir='ltr'>aute</span> <span class='ocrx_word' id='word_1_192' title='bbox 568 3261 630 3332; x_wconf 87' lang='lat' dir='ltr'>plus</span> <span class='ocrx_word' id='word_1_193' title='bbox 649 3261 847 3331; x_wconf 81' lang='lat' dir='ltr'>quinquaginta</span> <span class='ocrx_word' id='word_1_194' title='bbox 866 3277 952 3316; x_wconf 89' lang='lat' dir='ltr'>anuos</span> <span class='ocrx_word' id='word_1_195' title='bbox 966 3259 1118 3326; x_wconf 73' lang='lat' dir='ltr'>(Emendat--</span> 
     </span>
     <span class='ocr_line' id='line_1_28' title="bbox 145 3353 1113 3425; baseline -0.002 -18"><span class='ocrx_word' id='word_1_196' title='bbox 145 3355 234 3411; x_wconf 89' lang='lat' dir='ltr'>tiones</span> <span class='ocrx_word' id='word_1_197' title='bbox 246 3354 384 3409; x_wconf 84' lang='lat' dir='ltr'>Ciceronis</span> <span class='ocrx_word' id='word_1_198' title='bbox 400 3354 531 3409; x_wconf 90' lang='lat' dir='ltr'>librorum</span> <span class='ocrx_word' id='word_1_199' title='bbox 542 3355 575 3412; x_wconf 89' lang='lat' dir='ltr'>de</span> <span class='ocrx_word' id='word_1_200' title='bbox 584 3355 668 3425; x_wconf 85' lang='lat' dir='ltr'>Legg.</span> <span class='ocrx_word' id='word_1_201' title='bbox 679 3362 708 3411; x_wconf 90' lang='lat' dir='ltr'>et</span> <span class='ocrx_word' id='word_1_202' title='bbox 716 3355 802 3411; x_wconf 91' lang='lat' dir='ltr'>Acad.</span> <span class='ocrx_word' id='word_1_203' title='bbox 812 3372 839 3424; x_wconf 93' lang='grc'>1.</span> <span class='ocrx_word' id='word_1_204' title='bbox 851 3355 914 3424; x_wconf 81' lang='grc'>171)</span> <span class='ocrx_word' id='word_1_205' title='bbox 933 3354 1015 3408; x_wconf 88' lang='lat' dir='ltr'>elium</span> <span class='ocrx_word' id='word_1_206' title='bbox 1033 3353 1113 3406; x_wconf 90' lang='lat' dir='ltr'>Bruti</span> 
     </span>
     <span class='ocr_line' id='line_1_29' title="bbox 143 3445 1112 3518; baseline -0.002 -17"><span class='ocrx_word' id='word_1_207' title='bbox 143 3448 234 3503; x_wconf 89' lang='lat' dir='ltr'>locum</span> <span class='ocrx_word' id='word_1_208' title='bbox 254 3447 348 3502; x_wconf 81' lang='lat' dir='ltr'>sonari</span> <span class='ocrx_word' id='word_1_209' title='bbox 367 3448 390 3515; x_wconf 69' lang='lat'>(5</span> <span class='ocrx_word' id='word_1_210' title='bbox 410 3448 482 3517; x_wconf 80' lang='lat'>230),</span> <span class='ocrx_word' id='word_1_211' title='bbox 508 3448 556 3503; x_wconf 92' lang='lat' dir='ltr'>ubi</span> <span class='ocrx_word' id='word_1_212' title='bbox 583 3450 676 3504; x_wconf 88' lang='lat' dir='ltr'>omnia</span> <span class='ocrx_word' id='word_1_213' title='bbox 697 3456 773 3506; x_wconf 88' lang='lat' dir='ltr'>recta</span> <span class='ocrx_word' id='word_1_214' title='bbox 791 3454 819 3503; x_wconf 90' lang='lat' dir='ltr'>et</span> <span class='ocrx_word' id='word_1_215' title='bbox 836 3447 920 3518; x_wconf 82' lang='grc'>11111</span> <span class='ocrx_word' id='word_1_216' title='bbox 939 3451 1010 3510; x_wconf 88' lang='lat' dir='ltr'>suut,</span> <span class='ocrx_word' id='word_1_217' title='bbox 1030 3446 1053 3499; x_wconf 88' lang='lat' dir='ltr'>si</span> <span class='ocrx_word' id='word_1_218' title='bbox 1073 3445 1112 3500; x_wconf 88' lang='lat' dir='ltr'>sic</span> 
     </span>
     <span class='ocr_line' id='line_1_30' title="bbox 146 3539 1114 3610; baseline -0.004 -13"><span class='ocrx_word' id='word_1_219' title='bbox 146 3541 289 3597; x_wconf 90' lang='lat' dir='ltr'>scribitur:</span> <span class='ocrx_word' id='word_1_220' title='bbox 318 3542 345 3596; x_wconf 86' lang='lat' dir='ltr'>si</span> <span class='ocrx_word' id='word_1_221' title='bbox 374 3541 506 3610; x_wconf 90' lang='lat' dir='ltr'>quidem</span> <span class='ocrx_word' id='word_1_222' title='bbox 532 3549 566 3598; x_wconf 89' lang='grc'>11</span> <span class='ocrx_word' id='word_1_223' title='bbox 592 3543 713 3600; x_wconf 79' lang='lat' dir='ltr'>Crasso</span> <span class='ocrx_word' id='word_1_224' title='bbox 740 3543 813 3598; x_wconf 87' lang='lat' dir='ltr'>vivo</span> <span class='ocrx_word' id='word_1_225' title='bbox 838 3541 951 3596; x_wconf 86' lang='lat' dir='ltr'>dicere</span> <span class='ocrx_word' id='word_1_226' title='bbox 979 3539 1114 3595; x_wconf 87' lang='lat' dir='ltr'>solebat</span> 
     </span>
     <span class='ocr_line' id='line_1_31' title="bbox 145 3634 1117 3706; baseline -0.003 -15"><span class='ocrx_word' id='word_1_227' title='bbox 145 3635 331 3704; x_wconf 87' lang='lat' dir='ltr'>(Hortensius)</span> <span class='ocrx_word' id='word_1_228' title='bbox 350 3640 384 3690; x_wconf 89' lang='grc'>11</span> <span class='ocrx_word' id='word_1_229' title='bbox 403 3635 506 3706; x_wconf 81' lang='lat' dir='ltr'>magis</span> <span class='ocrx_word' id='word_1_230' title='bbox 524 3637 589 3692; x_wconf 90' lang='lat' dir='ltr'>iam</span> <span class='ocrx_word' id='word_1_231' title='bbox 608 3637 709 3694; x_wconf 87' lang='lat' dir='ltr'>etiam</span> <span class='ocrx_word' id='word_1_232' title='bbox 727 3636 864 3706; x_wconf 82' lang='lat' dir='ltr'>rigebat</span> <span class='ocrx_word' id='word_1_233' title='bbox 883 3651 951 3690; x_wconf 90' lang='lat' dir='ltr'>eum</span> <span class='ocrx_word' id='word_1_234' title='bbox 964 3634 1117 3690; x_wconf 87' lang='lat' dir='ltr'>Antonio</span> 
     </span>
     <span class='ocr_line' id='line_1_32' title="bbox 147 3727 1112 3801; baseline -0.002 -17"><span class='ocrx_word' id='word_1_235' title='bbox 147 3734 191 3797; x_wconf 88' lang='grc'>11,</span> <span class='ocrx_word' id='word_1_236' title='bbox 208 3727 367 3798; x_wconf 87' lang='lat' dir='ltr'>Philippo</span> <span class='ocrx_word' id='word_1_237' title='bbox 387 3728 450 3784; x_wconf 86' lang='lat' dir='ltr'>iam</span> <span class='ocrx_word' id='word_1_238' title='bbox 469 3745 546 3786; x_wconf 91' lang='lat' dir='ltr'>sene</span> <span class='ocrx_word' id='word_1_239' title='bbox 559 3747 618 3801; x_wconf 88' lang='lat' dir='ltr'>pro</span> <span class='ocrx_word' id='word_1_240' title='bbox 632 3731 684 3786; x_wconf 89' lang='lat' dir='ltr'>Cu.</span> <span class='ocrx_word' id='word_1_241' title='bbox 696 3729 846 3800; x_wconf 86' lang='lat' dir='ltr'>Pompeii</span> <span class='ocrx_word' id='word_1_242' title='bbox 860 3728 958 3784; x_wconf 89' lang='lat' dir='ltr'>bonis</span> <span class='ocrx_word' id='word_1_243' title='bbox 971 3728 1112 3795; x_wconf 90' lang='lat' dir='ltr'>dicente,</span> 
     </span>
     <span class='ocr_line' id='line_1_33' title="bbox 143 3819 1114 3893; baseline -0.002 -18"><span class='ocrx_word' id='word_1_244' title='bbox 143 3822 180 3876; x_wconf 93' lang='lat' dir='ltr'>in</span> <span class='ocrx_word' id='word_1_245' title='bbox 207 3822 271 3876; x_wconf 89' lang='grc'>1111</span> <span class='ocrx_word' id='word_1_246' title='bbox 298 3838 408 3892; x_wconf 85' lang='lat' dir='ltr'>causa,</span> <span class='ocrx_word' id='word_1_247' title='bbox 427 3823 629 3878; x_wconf 88' lang='lat' dir='ltr'>adolescens</span> <span class='ocrx_word' id='word_1_248' title='bbox 655 3840 723 3877; x_wconf 92' lang='lat' dir='ltr'>oum</span> <span class='ocrx_word' id='word_1_249' title='bbox 746 3828 850 3891; x_wconf 87' lang='lat' dir='ltr'>esset,</span> <span class='ocrx_word' id='word_1_250' title='bbox 868 3822 1028 3893; x_wconf 87' lang='lat' dir='ltr'>princeps</span> <span class='ocrx_word' id='word_1_251' title='bbox 1046 3819 1114 3875; x_wconf 80' lang='lat' dir='ltr'>fuit</span> 
     </span>
     <span class='ocr_line' id='line_1_34' title="bbox 145 3914 1112 3984; baseline -0.004 -15"><span class='ocrx_word' id='word_1_252' title='bbox 145 3919 196 3971; x_wconf 89' lang='lat' dir='ltr'>cet.</span> <span class='ocrx_word' id='word_1_253' title='bbox 239 3915 271 3969; x_wconf 92' lang='lat' dir='ltr'>In</span> <span class='ocrx_word' id='word_1_254' title='bbox 304 3915 444 3971; x_wconf 87' lang='lat' dir='ltr'>codicibus</span> <span class='ocrx_word' id='word_1_255' title='bbox 477 3915 615 3969; x_wconf 89' lang='lat' dir='ltr'>scribitur:</span> <span class='ocrx_word' id='word_1_256' title='bbox 646 3915 782 3984; x_wconf 86' lang='lat' dir='ltr'>vigebat</span> <span class='ocrx_word' id='word_1_257' title='bbox 807 3914 953 3970; x_wconf 90' lang='lat' dir='ltr'>Antonio</span> <span class='ocrx_word' id='word_1_258' title='bbox 983 3920 1015 3968; x_wconf 90' lang='lat' dir='ltr'>et</span> <span class='ocrx_word' id='word_1_259' title='bbox 1043 3928 1112 3966; x_wconf 89' lang='lat' dir='ltr'>cum</span> 
     </span>
     <span class='ocr_line' id='line_1_35' title="bbox 142 4003 1118 4078; baseline -0.005 -16"><span class='ocrx_word' id='word_1_260' title='bbox 142 4008 309 4078; x_wconf 86' lang='lat' dir='ltr'>Philippo.</span> <span class='ocrx_word' id='word_1_261' title='bbox 334 4009 396 4064; x_wconf 86' lang='lat' dir='ltr'>Non</span> <span class='ocrx_word' id='word_1_262' title='bbox 415 4009 554 4064; x_wconf 89' lang='lat' dir='ltr'>desierunt</span> <span class='ocrx_word' id='word_1_263' title='bbox 573 4006 693 4064; x_wconf 90' lang='lat' dir='ltr'>editores</span> <span class='ocrx_word' id='word_1_264' title='bbox 711 4014 837 4078; x_wconf 82' lang='lat' dir='ltr'>satagere</span> <span class='ocrx_word' id='word_1_265' title='bbox 855 4023 939 4077; x_wconf 85' lang='lat' dir='ltr'>praue</span> <span class='ocrx_word' id='word_1_266' title='bbox 959 4003 1118 4060; x_wconf 86' lang='lat' dir='ltr'>enarrando</span> 
     </span>
     <span class='ocr_line' id='line_1_36' title="bbox 143 4100 1070 4158; baseline -0.005 0"><span class='ocrx_word' id='word_1_267' title='bbox 143 4107 190 4158; x_wconf 87' lang='lat' dir='ltr'>eut</span> <span class='ocrx_word' id='word_1_268' title='bbox 207 4101 405 4157; x_wconf 87' lang='lat' dir='ltr'>violentissime</span> <span class='ocrx_word' id='word_1_269' title='bbox 423 4100 562 4156; x_wconf 85' lang='lat' dir='ltr'>mutando.</span> <span class='ocrx_word' id='word_1_270' title='bbox 1069 4115 1070 4118; x_wconf 45' lang='lat'>¹</span> 
     </span>
    </p>
   </div>
   <div class='ocr_carea' id='block_1_4' title="bbox 0 0 1360 4576">
    <p class='ocr_par' dir='ltr' id='par_1_13' title="bbox 0 0 1360 4576">
     <span class='ocr_line' id='line_1_37' title="bbox 0 0 1360 4576; baseline 0 1"><span class='ocrx_word' id='word_1_271' title='bbox 0 0 1360 4576; x_wconf 95' lang='lat' dir='ltr'> </span> 
     </span>
    </p>
   </div>
  </div>
 </body>
</html>
