2740 4572
6 33 10 280 i
482 204 585 260 Plinius
603 203 699 260 minor.
1024 205 1084 270 219

6 351 10 526 i
46 404 149 485 putet,
174 402 259 485 quod
281 400 349 465 fieri
370 391 453 468 nullo
469 403 558 486 pacto
573 403 683 484 polest
707 403 780 487 quid
802 403 845 468 sit
866 423 933 488 pro
956 403 1125 470 iniuriis

7 527 8 532 ¹
47 507 311 593 singulorum
343 505 566 572 instituere
597 508 833 593 uectigalia.
885 509 1013 576 Poterat
1041 511 1126 576 reete

7 613 8 630 ¹
46 619 77 680 et
100 614 221 678 Latine
248 611 310 677 dici
340 613 566 696 vectigalia
594 615 817 679 instituere
847 634 930 680 oum
957 617 1126 683 iniuriis

48 719 331 804 singulorum,
358 719 416 784 hoc
446 721 502 796 est,
525 719 579 797 ite,
609 720 645 785 ut
666 719 781 804 singuli
802 720 929 786 iniurias
951 724 1125 804 patientur;

47 847 158 892 rernm
184 824 367 908 longissime
388 824 446 890 hoc
467 845 485 889 a
508 824 603 890 Plinii
625 827 778 893 sententia
801 829 955 892 remotum
971 835 1028 894 eet.
1065 829 1126 909 Qui

45 935 158 998 contra
192 950 210 996 a
240 931 318 996 bono
346 929 483 1013 principe
513 933 557 997 sio
587 932 820 1014 temperandam
841 932 1041 1018 vectigalium
1064 934 1125 1000 im·

47 1039 265 1120 ponendorum
295 1038 508 1122 necessitatem
537 1037 701 1123 significat,
731 1043 766 1104 ut
792 1038 983 1123 singulorum
1005 1039 1125 1106 iniuriae

45 1165 144 1210 onere
170 1143 356 1226 exaequando
380 1143 524 1217 vitentur,
553 1145 647 1228 atque
675 1145 715 1210 ed
737 1162 803 1209 eam
827 1145 1022 1212 necessitatis
1044 1151 1126 1212 tem·

47 1251 249 1334 perationem
271 1249 505 1330 significandam
529 1250 664 1334 pertinet
678 1255 770 1316 notus
783 1250 1003 1333 particularum
1025 1256 1067 1317 ut
1084 1290 1125 1302 -

7 1437 8 1446 ἵ
48 1360 109 1423 ita
130 1375 211 1422 usus
233 1355 264 1420 in
287 1356 513 1438 comparatione
534 1376 637 1421 rerum
661 1357 821 1441 exaliqua
843 1360 929 1440 perte
959 1360 1125 1425 contraria·

7 1451 8 1456 ’
49 1482 130 1541 rum,
155 1460 212 1527 sed
246 1464 484 1540 coniunctorum,
518 1463 555 1526 nt
583 1465 668 1545 prius
696 1464 870 1529 membrum
900 1463 1124 1528 concessionem

49 1569 197 1634 uideatur
223 1568 344 1634 babere.
399 1569 526 1633 Rectam
550 1573 674 1635 etcum
698 1571 765 1635 toto
789 1570 880 1634 Plinii
902 1569 1029 1635 oonsilio
1052 1589 1125 1634 oon·

7 1693 8 1702 ¹
52 1673 284 1740 'unctissimem
305 1674 491 1739 sententiam
511 1693 734 1757 consequemur
755 1676 897 1742 retractis
915 1677 1040 1755 litteris,
1056 1695 1123 1760 quae

50 1784 182 1863 propter
202 1779 490 1845 manifestissimum
513 1799 646 1846 errorem
669 1781 861 1848 exciderunt:
892 1783 1021 1848 Onera
1048 1781 1124 1847 irn-

51 1887 161 1970 perii
183 1889 376 1970 pleraque
399 1887 628 1968 vectigalia
653 1887 825 1955 institui
848 1893 890 1955 ut
911 1908 979 1971 pro
1002 1889 1124 1953 utili-

51 1996 139 2060 tate
174 1993 370 2059 communi
402 1995 460 2058 ita
489 1993 641 2076 <sine>
667 1995 921 2086 singulorum
954 1994 1124 2084 iniuriis

53 2101 284 2185 coegerunt
323 2101 450 2166 Prorsus
471 2100 537 2166 lraeo
559 2100 731 2166 emendatio
754 2102 877 2184 gemina
899 2105 947 2166 est
969 2101 1006 2177 ei,
1030 2119 1124 2183 quam

6 2244 7 2250 κ
51 2227 145 2289 supra
167 2207 200 2271 in
222 2207 369 2272 Herodoti
392 2206 444 2272 lib.
466 2209 498 2272 ll
521 2227 546 2272 c.
570 2209 609 2270 25
632 2207 701 2272 ieci.

157 2325 233 2390 lbid.
266 2326 306 2389 39
339 2326 404 2401 (ubi
437 2325 581 2390 landatur
616 2325 777 2402 Traianus,
814 2323 896 2405 quod
928 2323 976 2398 iis,
1013 2323 1122 2404 quibus

52 2432 212 2498 civitatem
237 2432 407 2496 Romanam
431 2431 559 2506 dederit,
579 2431 772 2514 cognationis
788 2430 820 2494 et
833 2428 1039 2493 hereditatum
1056 2428 1123 2492 iura

52 2558 123 2604 cnm
145 2538 334 2620 propinquis,
357 2539 410 2620 qui
431 2537 586 2620 peregrini
608 2539 776 2614 manerent,
806 2534 992 2619 reliquerit):
1024 2533 1121 2598 Laeti

54 2663 148 2730 ergo
170 2644 280 2709 edite
302 2645 487 2722 bonores,
511 2644 716 2725 capessite
738 2642 969 2717 civitatem
992 2636 1122 2704 nemi-

55 2771 139 2816 nem
162 2751 231 2814 lroe
247 2748 1122 2831 necessitudinisabruptumveluttrunonm

53 2861 386 2939 amputatumque
408 2853 627 2930 destituet;
650 2854 794 2921 iisdem
816 2873 949 2920 omnes
972 2854 1117 2936 quibus

54 2967 147 3029 ante
175 2961 433 3046 pignoribus,
463 2960 531 3025 sed
561 2962 818 3028 honestiores
847 2961 1120 3043 perfruentur.

54 3070 137 3150 Quid
158 3068 292 3134 sithoc
313 3067 640 3147 necessitudinis
662 3071 725 3144 aut,
748 3068 775 3132 si
790 3069 859 3149 quis
878 3067 923 3130 sic
938 3065 1121 3148 coniungere

57 3177 148 3241 verba
178 3174 263 3252 velit,
299 3172 372 3238 hoo
407 3174 732 3238 necessitudinis
770 3174 999 3253 abruptum,
1032 3189 1121 3234 nemo

58 3280 176 3358 dixerit,
198 3297 296 3363 neque
318 3297 386 3362 qnae
408 3277 459 3344 hic
480 3281 602 3344 omnino
627 3277 889 3346 necessitudo
919 3276 1120 3357 intelligatur,

57 3387 177 3454 etiamsi
199 3407 254 3470 pro
276 3389 457 3453 necessitate
479 3386 657 3468 accipiatur.
702 3385 873 3466 Scripseret
896 3382 1030 3447 Plinius:
1053 3399 1122 3443 ne·

61 3496 195 3559 minem
219 3491 289 3558 hoc
311 3491 598 3560 necessitudinibus
627 3492 841 3575 abruptum
871 3488 985 3554 velut
1006 3488 1122 3551 trun·

6 3675 7 3678 Ἴ
58 3620 140 3665 cum
174 3601 504 3681 amputatumque
541 3599 754 3662 destituet.
812 3596 975 3662 Neminem
1012 3593 1121 3660 civitas

64 3709 195 3773 Romana
216 3713 340 3786 accepta
362 3702 638 3770 necessitudinibus
655 3704 729 3781 suis,
746 3703 803 3768 hoc
818 3707 876 3777 est,
892 3700 1121 3786 cognationibus

63 3812 391 3894 propinquitatibusque
414 3813 455 3889 et,
485 3829 504 3874 u
550 3808 640 3889 paulo
670 3813 738 3891 post
761 3808 881 3874 Plinius
903 3809 988 3885 uicit,
1011 3807 1121 3889 pigno·

64 3919 140 3984 ribus
160 3919 222 3982 suis
245 3917 387 4001 privabit.
424 3917 559 3981 Tantum
580 3915 886 3981 animadvertendum
909 3915 999 3980 huius
1020 3911 1120 3976 aetatis

65 4043 117 4090 usu
146 4022 480 4090 necessitudines
512 4021 623 4105 plurali
657 4040 783 4088 numero
816 4022 861 4088 sic
893 4020 964 4099 dici,
995 4019 1032 4083 ut
1061 4015 1122 4100 ipsi

7 4257 10 4337 l

6 4342 9 4398 l
