2740 4572
311 235 373 300 220
671 234 731 288 Lib.
749 234 785 289 11.
806 233 870 303 Gap.
887 233 935 289 IV.

270 429 432 496 necessarii
466 429 691 514 propinquique
722 429 948 515 intelligantur.
997 430 1144 512 Exempla
1177 426 1287 494 Taeiti
1316 429 1350 491 et

270 535 410 602 Suetonii
432 536 465 601 in
487 534 593 602 lexicis
618 537 824 619 reperientnr;
848 537 992 601 inferiore
1015 538 1106 600 atate
1120 535 1233 600 eodem
1251 532 1347 599 morlo

270 644 469 708 caritates
491 641 682 718 dicebantur,
703 642 757 724 qui
780 660 853 709 usus
875 643 958 724 apud
974 643 1172 706 Ammianum
1195 639 1350 722 frequens

269 749 326 816 est.
361 747 427 828 [Sin
446 749 511 813 iam
533 748 736 828 Perizonius]

371 888 448 955 ibin.
471 889 528 954 43:
560 889 735 954 Donavit
763 892 878 971 pater
906 891 1000 954 tuus
1025 889 1169 967 multa,
1190 889 1233 953 et
1258 889 1350 969 ipse

270 996 443 1061 donasti.
477 993 660 1059 Cesserit
680 1014 815 1079 parum
839 998 980 1079 gratus
1003 999 1061 1061 eet.
1094 994 1186 1060 Varie
1203 997 1349 1058 extrema

268 1104 445 1178 tentantem
469 1102 534 1165 veri
556 1099 749 1165 simillimum
774 1100 850 1165 mihi
874 1095 1011 1166 videtur:
1038 1101 1221 1167 lleoesserit
1247 1107 1351 1175 (mor-r

270 1211 341 1274 tuus
364 1209 407 1272 sit
427 1207 552 1289 aliquis)
574 1225 709 1289 parum
732 1209 873 1290 gratus
897 1207 989 1282 (nihil
1009 1211 1193 1272 testamento
1208 1204 1347 1288 principi

269 1317 467 1399 relinquens).

370 1455 448 1520 lbid.
472 1457 512 1517 44
535 1453 586 1532 (de
615 1454 756 1531 Traiano,
786 1457 953 1537 antequam
980 1454 1119 1538 prinoeps
1148 1452 1248 1529 fieret,
1281 1452 1346 1515 Do-

269 1561 391 1629 mitiani
413 1563 552 1642 tempora
567 1564 718 1642 exportet:
737 1561 979 1636 Meministi,
1002 1580 1084 1643 quae
1105 1563 1250 1641 optare
1274 1577 1342 1622 no·

268 1670 440 1742 bieoum,
473 1686 554 1748 qnae
590 1668 646 1732 sis
680 1667 796 1749 queri
833 1666 993 1733 solitus.
1045 1666 1140 1732 Nam
1176 1669 1345 1748 privato

269 1774 422 1838 iudieio
466 1772 691 1856 prinoipem
734 1774 859 1856 geris,
903 1773 1111 1838 meliorem
1146 1773 1268 1838 inimo
1307 1775 1342 1834 te

269 1878 455 1958 praestas,
477 1895 591 1958 quam
613 1878 692 1944 tibi
713 1879 837 1945 alium
860 1879 1087 1963 precabare.
1121 1879 1251 1945 Nullam
1276 1895 1345 1944 esse

270 1999 368 2048 causae
394 1982 649 2065 significationem
666 1985 762 2050 sensit
778 1985 935 2051 Livineius
951 1985 1158 2068 substituique
1176 2003 1231 2068 pro
1257 2005 1339 2050 nam

271 2087 366 2152 voluit
387 2106 496 2152 nune.
544 2089 585 2154 at
606 2089 727 2156 facilins
750 2092 782 2155 et
803 2092 905 2173 aptius
928 2090 1130 2184 substituitur
1150 2093 1225 2171 iarn,
1260 2091 1341 2176 quod

270 2195 302 2258 et
321 2196 480 2275 praesentis
502 2197 651 2278 temporis
673 2195 906 2262 simulationis
928 2196 1185 2282 significationem
1208 2200 1314 2266 habet.

369 2333 447 2402 ibid.
481 2337 520 2400 48
551 2338 602 2413 (de
636 2340 781 2404 comitate
813 2339 938 2404 Traiani
971 2357 1044 2422 erga
1076 2343 1232 2404 senatores
1270 2358 1340 2405 eum

270 2439 471 2520 salutanteslr
508 2445 652 2529 ltaque
684 2464 757 2510 non
788 2445 864 2509 ulii
897 2448 936 2510 et
967 2444 1141 2511 attoniti
1182 2463 1253 2510 nee
1299 2447 1340 2508 nt

268 2546 494 2629 perieulum
516 2551 667 2633 eapitis
689 2551 846 2616 adituri
869 2552 1089 2629 tarditate,
1112 2551 1180 2616 sed
1203 2550 1339 2617 seenri

268 2654 307 2717 et
338 2652 506 2732 hilares,
545 2675 629 2722 eum
665 2658 911 2743 commodum¹
947 2659 1025 2736 est,
1063 2658 1337 2723 convenimus.

197 2811 202 2818 .
268 2757 453 2824 Mendosum
475 2780 542 2826 esse
565 2763 639 2827 alii
667 2765 744 2828 satis
763 2767 812 2828 est
837 2763 1052 2841 manifestum
1074 2764 1203 2829 aliorum
1218 2782 1337 2830 eorrec-

268 2859 367 2926 tiones
389 2863 509 2946 longius
532 2867 683 2946 aberrant,
711 2869 808 2934 Keilii
831 2870 1009 2952 (pallidi)
1032 2872 1217 2935 sententiam
1242 2870 1337 2936 efficit

268 2969 383 3032 reatem
413 2972 446 3033 et
477 2972 690 3054 neeessariam,
725 2976 900 3042 litterarum
938 2976 1079 3061 vestigiis
1115 2995 1174 3041 non
1211 2976 1337 3041 insistit

269 3071 338 3138 Una
359 3075 463 3142 littera
486 3080 635 3146 mutanda
657 3084 714 3159 est,
744 3084 779 3146 ut
806 3082 879 3148 fiat:
913 3083 1056 3165 ltaque
1088 3101 1162 3148 non
1197 3082 1267 3149 albi
1301 3089 1335 3150 et

268 3181 442 3248 attoniti
475 3187 533 3250 oet.
594 3188 737 3253 Album
771 3208 852 3260 enm.
886 3189 938 3272 qui
971 3207 1083 3270 pavore
1117 3188 1243 3272 palleat,
1278 3187 1334 3252 diei

267 3289 452 3355 testimoniis
474 3291 574 3358 Persii
596 3295 628 3358 et
650 3293 805 3360 Martialis
827 3294 926 3360 lexico
947 3296 1122 3360 ostendunt.

366 3410 446 3474 Ibid.
476 3411 533 3475 53:
574 3411 709 3494 Neque
746 3413 850 3477 enim
887 3414 991 3477 satis
1028 3413 1176 3477 amarit
1212 3414 1335 3477 bonos

267 3513 493 3596 prinsipes,
517 3518 582 3600 qui
615 3518 741 3582 malos
774 3519 876 3583 satis
910 3538 984 3584 non
1014 3519 1160 3584 oderit.
1217 3519 1336 3584 Plinius

267 3617 449 3700 scripserat:
474 3623 543 3704 qni
564 3623 689 3690 malos
710 3643 783 3708 nop
808 3623 959 3700 oderit3
982 3625 1160 3690 adverbium
1177 3645 1249 3691 eum
1266 3645 1330 3692 sen-

266 3723 373 3789 tentiae
395 3730 427 3791 et
448 3729 597 3793 aenminis
616 3728 801 3795 detrimento
816 3749 853 3794 ex
866 3730 967 3812 priore
981 3733 1118 3796 membro
1134 3731 1196 3798 huo
1209 3731 1327 3797 illatum

267 3830 323 3894 est.
368 3831 416 3895 Ad
436 3833 582 3899 virtutem
605 3835 680 3901 satis
703 3838 735 3900 et
756 3855 826 3900 vere
844 3837 1006 3901 amandam
1022 3855 1146 3903 neeesse
1161 3842 1210 3903 est
1225 3839 1331 3904 vitium

182 4015 184 4020 Ι
267 3934 380 4013 odisse,
414 3957 474 4002 non
508 3941 583 4004 satis
615 3941 724 4017 odisse,
759 3941 840 4024 quod
872 3941 1002 4007 ridionle
1035 3941 1156 4021 dieitur,
1191 3945 1329 4027 quonian

266 4041 357 4108 huius
380 4043 441 4108 odii
464 4044 550 4108 nulla
572 4064 715 4112 mensura
736 4047 873 4132 intelligi
895 4050 1007 4130 potest.
