2712 4576
290 241 329 304 90
661 240 722 297 uro.
742 241 777 298 rr.
798 241 863 311 cap.
881 243 903 296 1.
1017 207 1021 214 ’

247 437 323 504 eatis
346 441 377 504 et
398 439 525 521 apparet
547 439 579 504 et
604 439 809 517 consentitur3
840 441 987 506 correctio
1018 440 1110 505 etad
1132 437 1310 504 sententiam

246 546 279 609 et
311 543 350 610 ad
383 544 557 610 litterarum
590 544 722 628 vestigia
755 545 921 628 probabilis
952 545 1089 612 nondum
1116 547 1239 627 reperta
1261 546 1310 608 est.

249 649 365 732 Opinor
386 651 580 718 scribendum
603 671 683 717 esse:
718 651 756 715 et
788 651 1062 736 antiquitatis
1094 652 1250 718 iterum
1280 655 1311 712 et

247 759 515 838 exemplorum
548 757 711 839 copiam.
766 756 931 824 Materiam
965 758 1079 824 oratori
1115 756 1225 823 utilem
1262 772 1311 818 nec

248 867 350 927 lamen
374 861 528 946 propriam
551 865 706 928 Antonius
735 865 780 930 sic
806 865 837 929 in
869 866 1068 948 duaspartes
1092 861 1310 938 distribuitur

248 969 349 1034 tamen
372 970 494 1053 utrique
516 969 597 1051 parti
620 968 778 1034 historiam
808 977 839 1036 et
868 970 1086 1054 antiquitatem
1116 968 1311 1034 communiter

245 1075 417 1140 subiectum
442 1075 523 1142 dicat
545 1078 668 1141 motum
690 1078 872 1143 tractatione
888 1083 919 1144 et
933 1096 992 1142 usu
1008 1075 1170 1142 diversam.
1207 1075 1310 1155 Itaque

247 1182 276 1244 io
310 1181 409 1247 altera
441 1186 526 1263 parte
564 1181 711 1247 iterum
744 1201 762 1246 a
794 1203 827 1249 se
861 1183 920 1249 alio
949 1184 1071 1248 nomine
1095 1181 1309 1264 (antiquitatis)

246 1284 377 1351 eandem
410 1304 476 1349 rem
509 1287 686 1370 significari,
719 1308 811 1372 quam
840 1289 871 1355 in
903 1290 1004 1373 priore
1026 1286 1190 1355 historiam
1211 1285 1309 1369 appel·

247 1393 349 1468 lasset,
373 1392 427 1457 ait.

349 1497 479 1576 11‚128:
503 1499 596 1562 Meae
619 1499 750 1567 totius
772 1500 1309 1583 orationisetistiueipsius

248 1606 286 1668 in
325 1604 495 1670 dicendo
528 1605 761 1683 facultatis,
797 1627 909 1692 quam
939 1607 1051 1674 modo
1078 1608 1248 1674 Crassus
1276 1606 1309 1668 in

248 1710 387 1775 eaelum
423 1711 559 1776 verbis
596 1714 762 1792 extulit,
799 1715 882 1780 tres
919 1714 1013 1780 sunt
1045 1714 1242 1787 rationes,
1274 1713 1310 1774 ut

249 1818 341 1882 ante
364 1815 463 1882 dixi:
486 1838 560 1883 una
584 1820 934 1886 conciliandorum
956 1819 1173 1898 hominum,
1192 1820 1309 1884 altera

245 1928 306 1990 cet.
363 1924 513 2004 Quoniam
546 1942 635 1989 nemo
667 1926 909 1991 facultatem
939 1927 977 1993 in
1002 1927 1169 1993 dicendo
1192 1945 1246 2010 pro
1269 1925 1309 1989 di·
1340 1955 1341 2014 p

249 2030 338 2097 cendi
353 2031 503 2096 facultate
519 2030 607 2116 dixit,
623 2030 805 2115 codicesque
819 2032 957 2117 plerique
979 2035 1072 2100 uerba
1093 2035 1131 2099 in
1154 2032 1308 2098 dicendo

248 2139 407 2212 omittunt,
430 2139 516 2203 uncis
537 2138 727 2204 incluserunt
749 2158 785 2204 eu
808 2141 993 2206 recentiores
1016 2139 1159 2206 editores.
1202 2138 1309 2204 Verum
1340 2195 1341 2222 3

244 2244 329 2328 quod
351 2243 401 2309 hic
423 2243 586 2324 omittitur,
609 2246 640 2309 in
664 2244 732 2310 aliis
755 2247 910 2312 codicibus
934 2249 972 2324 (Β
996 2248 1023 2313 R
1045 2247 1126 2330 apud
1150 2246 1307 2320 Orellium)

247 2371 282 2416 ac
303 2352 433 2416 fortasse
460 2352 557 2415 multo
587 2351 736 2433 pluribus,
757 2371 849 2444 quam
870 2353 1075 2427 nominantur,
1098 2352 1223 2418 additur
1244 2351 1307 2417 ante

246 2455 446 2522 orationis
470 2465 573 2533 (meae
597 2459 725 2523 totius
748 2460 786 2522 in
809 2457 980 2525 dicendo
1004 2459 1226 2538 orationis),
1249 2478 1307 2525 aer-

248 2563 463 2645 tissimumque
486 2563 534 2626 est
555 2562 779 2629 oraticnem
803 2564 847 2630 sic
870 2564 1053 2648 simpliciter
1075 2583 1128 2647 pro
1151 2585 1263 2650 genere
1277 2583 1307 2628 ac

248 2669 433 2750 proprietate
457 2665 579 2732 dicendi
602 2667 674 2750 poni
697 2687 754 2733 non
777 2689 866 2752 posse
889 2681 989 2748 (meae
1011 2672 1212 2738 orationis
1233 2674 1307 2737 tres

249 2774 342 2838 sunt
377 2773 581 2852 rationes).
636 2774 695 2839 Sed
733 2794 771 2840 ne
808 2777 840 2841 id
877 2779 1012 2860 quidem,
1049 2778 1130 2862 quod
1168 2779 1307 2845 facillime

245 2878 391 2945 efficitur:
424 2879 516 2944 Meae
545 2880 675 2945 totius
697 2882 737 2945 in
759 2880 931 2948 dicendo
953 2884 1145 2960 rationis,
1167 2886 1238 2951 ferri
1260 2901 1306 2967 po-

248 2989 310 3052 test
348 2985 537 3063 (rationis
574 3023 607 3033 -
644 2987 847 3064 rationes).
906 2992 1063 3057 Antonius
1101 2991 1238 3058 ostendit
1268 3009 1303 3060 se,

244 3089 506 3174 quemadmodum
529 3110 689 3159 causarum
713 3097 862 3162 actionem
885 3097 1034 3162 moderari
1056 3096 1163 3172 soleat,
1196 3096 1304 3180 exposi-

247 3199 366 3276 turum;
390 3197 457 3263 sine
479 3199 572 3265 dubio
594 3200 699 3266 Cicero
722 3203 903 3285 scripserat:
926 3202 1020 3268 Meae
1040 3204 1172 3270 totius
1194 3206 1231 3268 in
1256 3201 1302 3267 di·

241 3306 368 3370 cendo
389 3305 677 3372 moderationis
701 3352 708 3367 .
732 3355 739 3370 .
764 3354 771 3369 .
795 3311 878 3374 tres
901 3311 994 3374 suot
1016 3309 1248 3383 rationes.*)
1341 3337 1342 3362 r

347 3424 520 3490 lbidl93:
543 3425 638 3507 quid
661 3426 908 3507 potestesse
932 3428 1010 3492 tam
1034 3425 1178 3492 fictum
1202 3442 1302 3511 quam

246 3548 402 3608 versus,
437 3549 549 3612 qoam
583 3549 716 3609 scena,
751 3552 862 3615 quam
895 3533 1067 3600 fabulae?
1111 3531 1302 3598 Tamania

243 3697 479 3708 —-.-.-...-—

297 3795 323 3864 *l
342 3796 410 3850 lbid.
447 3799 496 3853 184
529 3806 632 3854 eertum
659 3808 701 3855 est
733 3801 891 3857 Ciceronem
923 3817 979 3857 non
1013 3802 1156 3870 scripsisse
1188 3811 1300 3870 genere

345 3890 488 3958 quodam
522 3894 774 3948 sententiarum
810 3898 844 3948 et
875 3909 1004 3962 genere
1036 3895 1231 3960 verborum,
1260 3887 1299 3944 sed

345 3984 476 4038 correctio
499 3975 618 4054 incerta3
645 4002 749 4055 vereor,
777 4003 811 4042 ne
833 3987 926 4055 priore
954 3987 1014 4043 loeo
1035 3988 1110 4043 aliud
1130 3988 1217 4043 subsit
1233 3997 1298 4039 roca·

343 4075 445 4144 bulum,
464 4077 539 4132 velut
557 4078 663 4134 tenore.
