<?xml version="1.0" encoding="UTF-8"?>
<!DOCTYPE html PUBLIC "-//W3C//DTD XHTML 1.0 Transitional//EN"
    "http://www.w3.org/TR/xhtml1/DTD/xhtml1-transitional.dtd">
<html xmlns="http://www.w3.org/1999/xhtml" xml:lang="en" lang="en">
 <head>
  <title>
</title>
<meta http-equiv="Content-Type" content="text/html;charset=utf-8" />
  <meta name='ocr-system' content='tesseract 3.04.00' />
  <meta name='ocr-capabilities' content='ocr_page ocr_carea ocr_par ocr_line ocrx_word'/>
</head>
<body>
  <div class='ocr_page' id='page_1' title='image "./adversariacriti01madvgoog_0282.png"; bbox 0 0 2740 4572; ppageno 0'>
   <div class='ocr_carea' id='block_1_1' title="bbox 431 191 1099 256">
    <p class='ocr_par' dir='ltr' id='par_1_1' title="bbox 431 191 1099 256">
     <span class='ocr_line' id='line_1_1' title="bbox 431 191 1099 256; baseline 0.004 -3"><span class='ocrx_word' id='word_1_1' title='bbox 431 198 587 254; x_wconf 78' lang='lat' dir='ltr'><strong>Ammianus</strong></span> <span class='ocrx_word' id='word_1_2' title='bbox 604 197 787 252; x_wconf 79' lang='lat' dir='ltr'><strong>Marcellinus.</strong></span> <span class='ocrx_word' id='word_1_3' title='bbox 1040 191 1099 256; x_wconf 73' lang='lat' dir='ltr'>nil</span> 
     </span>
    </p>
   </div>
   <div class='ocr_carea' id='block_1_2' title="bbox 57 390 1155 1534">
    <p class='ocr_par' dir='ltr' id='par_1_2' title="bbox 57 390 1155 1534">
     <span class='ocr_line' id='line_1_2' title="bbox 57 390 1151 476; baseline -0.005 -15"><span class='ocrx_word' id='word_1_4' title='bbox 57 398 134 463; x_wconf 82' lang='lat' dir='ltr'>loci</span> <span class='ocrx_word' id='word_1_5' title='bbox 168 396 357 462; x_wconf 87' lang='lat' dir='ltr'>sententiam</span> <span class='ocrx_word' id='word_1_6' title='bbox 391 395 628 462; x_wconf 86' lang='lat' dir='ltr'>aooommodata.</span> <span class='ocrx_word' id='word_1_7' title='bbox 673 392 870 476; x_wconf 84' lang='lat' dir='ltr'>Signifioatnr</span> <span class='ocrx_word' id='word_1_8' title='bbox 902 391 1070 475; x_wconf 73' lang='lat' dir='ltr'><strong>pravitates</strong></span> <span class='ocrx_word' id='word_1_9' title='bbox 1103 390 1151 456; x_wconf 85' lang='lat' dir='ltr'>ad</span> 
     </span>
     <span class='ocr_line' id='line_1_3' title="bbox 59 497 1153 584; baseline -0.007 -15"><span class='ocrx_word' id='word_1_10' title='bbox 59 521 233 569; x_wconf 86' lang='lat' dir='ltr'>summum</span> <span class='ocrx_word' id='word_1_11' title='bbox 267 503 454 584; x_wconf 84' lang='lat' dir='ltr'>pervenisse,</span> <span class='ocrx_word' id='word_1_12' title='bbox 485 503 523 566; x_wconf 90' lang='lat' dir='ltr'>nt</span> <span class='ocrx_word' id='word_1_13' title='bbox 552 500 637 566; x_wconf 90' lang='lat' dir='ltr'>nltra</span> <span class='ocrx_word' id='word_1_14' title='bbox 669 517 804 565; x_wconf 82' lang='lat' dir='ltr'>creseere</span> <span class='ocrx_word' id='word_1_15' title='bbox 833 501 996 582; x_wconf 78' lang='lat' dir='ltr'>nequeant.</span> <span class='ocrx_word' id='word_1_16' title='bbox 1051 497 1153 562; x_wconf 81' lang='lat' dir='ltr'>Latet</span> 
     </span>
     <span class='ocr_line' id='line_1_4' title="bbox 62 600 1144 698; baseline -0.005 -26"><span class='ocrx_word' id='word_1_17' title='bbox 62 609 176 693; x_wconf 85' lang='lat' dir='ltr'>igitur</span> <span class='ocrx_word' id='word_1_18' title='bbox 198 607 316 686; x_wconf 77' lang='lat' dir='ltr'>annuo.</span> <span class='ocrx_word' id='word_1_19' title='bbox 349 608 604 690; x_wconf 85' lang='lat' dir='ltr'>seribendumque</span> <span class='ocrx_word' id='word_1_20' title='bbox 627 605 764 698; x_wconf 72' lang='lat' dir='ltr'>videtur:</span> <span class='ocrx_word' id='word_1_21' title='bbox 788 604 911 669; x_wconf 90' lang='lat' dir='ltr'>Nulla</span> <span class='ocrx_word' id='word_1_22' title='bbox 943 604 975 669; x_wconf 81' lang='lat' dir='ltr'>rt</span> <span class='ocrx_word' id='word_1_23' title='bbox 1007 600 1144 668; x_wconf 88' lang='lat' dir='ltr'>auetio</span> 
     </span>
     <span class='ocr_line' id='line_1_5' title="bbox 60 709 1155 796; baseline -0.005 -17"><span class='ocrx_word' id='word_1_24' title='bbox 60 714 335 796; x_wconf 87' lang='lat' dir='ltr'>pravitatum.</span> <span class='ocrx_word' id='word_1_25' title='bbox 379 713 461 780; x_wconf 87' lang='lat' dir='ltr'>Nam</span> <span class='ocrx_word' id='word_1_26' title='bbox 484 712 568 796; x_wconf 90' lang='lat' dir='ltr'>qnod</span> <span class='ocrx_word' id='word_1_27' title='bbox 589 730 625 776; x_wconf 88' lang='lat' dir='ltr'>ex</span> <span class='ocrx_word' id='word_1_28' title='bbox 646 711 761 776; x_wconf 88' lang='lat' dir='ltr'>litteris</span> <span class='ocrx_word' id='word_1_29' title='bbox 783 711 901 776; x_wconf 88' lang='lat' dir='ltr'>uasat</span> <span class='ocrx_word' id='word_1_30' title='bbox 924 709 1089 776; x_wconf 79' lang='lat' dir='ltr'>Aeomsius</span> <span class='ocrx_word' id='word_1_31' title='bbox 1111 709 1155 773; x_wconf 85' lang='lat' dir='ltr'>ot</span> 
     </span>
     <span class='ocr_line' id='line_1_6' title="bbox 63 813 1151 898; baseline -0.011 -12"><span class='ocrx_word' id='word_1_32' title='bbox 63 820 228 886; x_wconf 83' lang='lat' dir='ltr'>Gelenius</span> <span class='ocrx_word' id='word_1_33' title='bbox 260 819 427 886; x_wconf 87' lang='lat' dir='ltr'>affeoerant</span> <span class='ocrx_word' id='word_1_34' title='bbox 457 821 590 898; x_wconf 79' lang='lat' dir='ltr'>vacat,</span> <span class='ocrx_word' id='word_1_35' title='bbox 622 818 673 883; x_wconf 84' lang='lat' dir='ltr'>vix</span> <span class='ocrx_word' id='word_1_36' title='bbox 704 815 768 882; x_wconf 86' lang='lat' dir='ltr'>diei</span> <span class='ocrx_word' id='word_1_37' title='bbox 789 818 896 898; x_wconf 88' lang='lat' dir='ltr'>potest</span> <span class='ocrx_word' id='word_1_38' title='bbox 916 832 970 897; x_wconf 92' lang='lat' dir='ltr'>pro</span> <span class='ocrx_word' id='word_1_39' title='bbox 993 833 1038 890; x_wconf 86' lang='lat' dir='ltr'>eo,</span> <span class='ocrx_word' id='word_1_40' title='bbox 1061 813 1151 896; x_wconf 86' lang='lat' dir='ltr'>qnod.</span> 
     </span>
     <span class='ocr_line' id='line_1_7' title="bbox 62 920 1152 1009; baseline -0.006 -19"><span class='ocrx_word' id='word_1_41' title='bbox 62 930 121 991; x_wconf 88' lang='lat' dir='ltr'>est</span> <span class='ocrx_word' id='word_1_42' title='bbox 149 926 281 991; x_wconf 87' lang='lat' dir='ltr'>loaum</span> <span class='ocrx_word' id='word_1_43' title='bbox 313 924 449 1002; x_wconf 79' lang='lat' dir='ltr'>habet,</span> <span class='ocrx_word' id='word_1_44' title='bbox 479 925 639 1009; x_wconf 86' lang='lat' dir='ltr'>potuitque</span> <span class='ocrx_word' id='word_1_45' title='bbox 666 923 813 988; x_wconf 90' lang='lat' dir='ltr'>mendum</span> <span class='ocrx_word' id='word_1_46' title='bbox 844 920 917 986; x_wconf 89' lang='lat' dir='ltr'>oriri</span> <span class='ocrx_word' id='word_1_47' title='bbox 939 939 975 986; x_wconf 89' lang='lat' dir='ltr'>ex</span> <span class='ocrx_word' id='word_1_48' title='bbox 997 938 1152 986; x_wconf 81' lang='lat' dir='ltr'>oonoursn</span> 
     </span>
     <span class='ocr_line' id='line_1_8' title="bbox 62 1026 1154 1111; baseline -0.007 -15"><span class='ocrx_word' id='word_1_49' title='bbox 62 1032 253 1098; x_wconf 86' lang='lat' dir='ltr'>litterarum</span> <span class='ocrx_word' id='word_1_50' title='bbox 287 1034 385 1097; x_wconf 89' lang='lat' dir='ltr'>osta.</span> <span class='ocrx_word' id='word_1_51' title='bbox 440 1031 560 1098; x_wconf 82' lang='lat' dir='ltr'>Deinde</span> <span class='ocrx_word' id='word_1_52' title='bbox 591 1030 714 1096; x_wconf 85' lang='lat' dir='ltr'>videtur</span> <span class='ocrx_word' id='word_1_53' title='bbox 746 1030 890 1095; x_wconf 83' lang='lat' dir='ltr'>subesse:</span> <span class='ocrx_word' id='word_1_54' title='bbox 923 1028 1007 1111; x_wconf 78' lang='lat' dir='ltr'>qni,</span> <span class='ocrx_word' id='word_1_55' title='bbox 1042 1026 1154 1110; x_wconf 89' lang='lat' dir='ltr'>quod.</span> 
     </span>
     <span class='ocr_line' id='line_1_9' title="bbox 62 1131 1149 1219; baseline -0.005 -18"><span class='ocrx_word' id='word_1_56' title='bbox 62 1137 225 1216; x_wconf 76' lang='lat' dir='ltr'>velint,</span> <span class='ocrx_word' id='word_1_57' title='bbox 249 1135 334 1203; x_wconf 84' lang='lat' dir='ltr'>efflei</span> <span class='ocrx_word' id='word_1_58' title='bbox 356 1137 545 1204; x_wconf 88' lang='lat' dir='ltr'>maximas</span> <span class='ocrx_word' id='word_1_59' title='bbox 568 1137 715 1219; x_wconf 82' lang='lat' dir='ltr'>putant</span> <span class='ocrx_word' id='word_1_60' title='bbox 745 1153 833 1200; x_wconf 88' lang='lat' dir='ltr'>esso</span> <span class='ocrx_word' id='word_1_61' title='bbox 863 1134 1059 1210; x_wconf 79' lang='lat' dir='ltr'>virtutes,</span> <span class='ocrx_word' id='word_1_62' title='bbox 1083 1131 1149 1199; x_wconf 88' lang='lat' dir='ltr'>uisi-</span> 
     </span>
     <span class='ocr_line' id='line_1_10' title="bbox 64 1238 1144 1324; baseline -0.004 -18"><span class='ocrx_word' id='word_1_63' title='bbox 64 1239 159 1324; x_wconf 90' lang='lat' dir='ltr'>quod</span> <span class='ocrx_word' id='word_1_64' title='bbox 192 1239 226 1305; x_wconf 92' lang='lat' dir='ltr'>in</span> <span class='ocrx_word' id='word_1_65' title='bbox 259 1243 422 1324; x_wconf 85' lang='lat' dir='ltr'>postremis</span> <span class='ocrx_word' id='word_1_66' title='bbox 457 1243 584 1309; x_wconf 82' lang='lat' dir='ltr'>vocibus</span> <span class='ocrx_word' id='word_1_67' title='bbox 620 1238 815 1307; x_wconf 85' lang='lat' dir='ltr'>vehementer</span> <span class='ocrx_word' id='word_1_68' title='bbox 851 1239 980 1305; x_wconf 87' lang='lat' dir='ltr'>offendit</span> <span class='ocrx_word' id='word_1_69' title='bbox 1014 1239 1144 1322; x_wconf 89' lang='lat' dir='ltr'>pluralis</span> 
     </span>
     <span class='ocr_line' id='line_1_11' title="bbox 64 1341 1154 1432; baseline -0.001 -21"><span class='ocrx_word' id='word_1_70' title='bbox 64 1341 223 1411; x_wconf 85' lang='lat' dir='ltr'>numerus</span> <span class='ocrx_word' id='word_1_71' title='bbox 239 1345 399 1428; x_wconf 82' lang='lat' dir='ltr'>virtutum,</span> <span class='ocrx_word' id='word_1_72' title='bbox 414 1349 450 1413; x_wconf 85' lang='lat' dir='ltr'>ni</span> <span class='ocrx_word' id='word_1_73' title='bbox 463 1367 550 1432; x_wconf 83' lang='lat' dir='ltr'>paene</span> <span class='ocrx_word' id='word_1_74' title='bbox 565 1349 701 1432; x_wconf 83' lang='lat' dir='ltr'>suspicer</span> <span class='ocrx_word' id='word_1_75' title='bbox 716 1347 864 1428; x_wconf 88' lang='lat' dir='ltr'>seriptum</span> <span class='ocrx_word' id='word_1_76' title='bbox 877 1345 989 1411; x_wconf 87' lang='lat' dir='ltr'>inisse:</span> <span class='ocrx_word' id='word_1_77' title='bbox 1002 1344 1154 1411; x_wconf 78' lang='lat' dir='ltr'>maximae·</span> 
     </span>
     <span class='ocr_line' id='line_1_12' title="bbox 65 1453 497 1534; baseline 0.002 -18"><span class='ocrx_word' id='word_1_78' title='bbox 65 1454 226 1534; x_wconf 89' lang='lat' dir='ltr'>putant</span> <span class='ocrx_word' id='word_1_79' title='bbox 248 1471 334 1518; x_wconf 88' lang='lat' dir='ltr'>esse</span> <span class='ocrx_word' id='word_1_80' title='bbox 356 1453 497 1520; x_wconf 85' lang='lat' dir='ltr'>virtutis.</span> 
     </span>
    </p>
   </div>
   <div class='ocr_carea' id='block_1_3' title="bbox 68 1591 1159 3059">
    <p class='ocr_par' dir='ltr' id='par_1_3' title="bbox 68 1591 1159 2522">
     <span class='ocr_line' id='line_1_13' title="bbox 179 1591 1154 1676; baseline 0 -20"><span class='ocrx_word' id='word_1_81' title='bbox 179 1592 246 1658; x_wconf 86' lang='lat' dir='ltr'>Lib.</span> <span class='ocrx_word' id='word_1_82' title='bbox 269 1593 385 1674; x_wconf 74' lang='lat' dir='ltr'>XXIX,</span> <span class='ocrx_word' id='word_1_83' title='bbox 411 1595 437 1674; x_wconf 90' lang='grc'>1,</span> <span class='ocrx_word' id='word_1_84' title='bbox 461 1595 497 1659; x_wconf 76' lang='lat'>2:</span> <span class='ocrx_word' id='word_1_85' title='bbox 525 1593 673 1659; x_wconf 84' lang='lat' dir='ltr'>Contra</span> <span class='ocrx_word' id='word_1_86' title='bbox 694 1593 765 1659; x_wconf 85' lang='lat' dir='ltr'>has</span> <span class='ocrx_word' id='word_1_87' title='bbox 787 1592 924 1676; x_wconf 87' lang='lat' dir='ltr'>oopios</span> <span class='ocrx_word' id='word_1_88' title='bbox 947 1591 1154 1656; x_wconf 84' lang='lat' dir='ltr'>Traianus-</span> 
     </span>
     <span class='ocr_line' id='line_1_14' title="bbox 68 1697 1144 1782; baseline -0.003 -18"><span class='ocrx_word' id='word_1_89' title='bbox 68 1717 208 1764; x_wconf 87' lang='lat' dir='ltr'>oomes</span> <span class='ocrx_word' id='word_1_90' title='bbox 240 1700 280 1763; x_wconf 87' lang='lat' dir='ltr'>et</span> <span class='ocrx_word' id='word_1_91' title='bbox 300 1699 565 1765; x_wconf 76' lang='lat' dir='ltr'>Vadomarius</span> <span class='ocrx_word' id='word_1_92' title='bbox 589 1745 596 1761; x_wconf 90' lang='lat'>.</span> <span class='ocrx_word' id='word_1_93' title='bbox 620 1746 627 1761; x_wconf 92' lang='lat'>.</span> <span class='ocrx_word' id='word_1_94' title='bbox 652 1747 658 1760; x_wconf 93' lang='lat'>.</span> <span class='ocrx_word' id='word_1_95' title='bbox 682 1717 893 1782; x_wconf 88' lang='lat' dir='ltr'>perrexere</span> <span class='ocrx_word' id='word_1_96' title='bbox 914 1744 921 1760; x_wconf 94' lang='lat'>.</span> <span class='ocrx_word' id='word_1_97' title='bbox 945 1744 963 1776; x_wconf 85' lang='lat'>.‚</span> <span class='ocrx_word' id='word_1_98' title='bbox 985 1697 1057 1762; x_wconf 91' lang='lat' dir='ltr'>hoo</span> <span class='ocrx_word' id='word_1_99' title='bbox 1078 1697 1144 1762; x_wconf 92' lang='lat' dir='ltr'>ob·</span> 
     </span>
     <span class='ocr_line' id='line_1_15' title="bbox 69 1801 1159 1888; baseline -0.003 -20"><span class='ocrx_word' id='word_1_100' title='bbox 69 1822 240 1870; x_wconf 87' lang='lat' dir='ltr'>servare</span> <span class='ocrx_word' id='word_1_101' title='bbox 273 1805 474 1888; x_wconf 81' lang='lat' dir='ltr'>principis</span> <span class='ocrx_word' id='word_1_102' title='bbox 506 1803 620 1872; x_wconf 84' lang='lat' dir='ltr'>insen</span> <span class='ocrx_word' id='word_1_103' title='bbox 653 1805 852 1887; x_wconf 75' lang='lat' dir='ltr'>appositi,</span> <span class='ocrx_word' id='word_1_104' title='bbox 885 1806 929 1869; x_wconf 89' lang='lat' dir='ltr'>ut</span> <span class='ocrx_word' id='word_1_105' title='bbox 958 1801 1159 1868; x_wconf 78' lang='lat' dir='ltr'>arcerent-</span> 
     </span>
     <span class='ocr_line' id='line_1_16' title="bbox 69 1906 1157 1994; baseline -0.003 -20"><span class='ocrx_word' id='word_1_106' title='bbox 69 1907 214 1992; x_wconf 87' lang='lat' dir='ltr'>potius</span> <span class='ocrx_word' id='word_1_107' title='bbox 237 1929 348 1994; x_wconf 87' lang='lat' dir='ltr'>qnam</span> <span class='ocrx_word' id='word_1_108' title='bbox 371 1911 627 1977; x_wconf 79' lang='lat' dir='ltr'>lacesserent</span> <span class='ocrx_word' id='word_1_109' title='bbox 649 1910 803 1976; x_wconf 89' lang='lat' dir='ltr'>Persas.</span> <span class='ocrx_word' id='word_1_110' title='bbox 842 1906 1157 1977; x_wconf 69' lang='lat' dir='ltr'>scribonianum--</span> 
     </span>
     <span class='ocr_line' id='line_1_17' title="bbox 71 2015 1148 2104; baseline -0.001 -24"><span class='ocrx_word' id='word_1_111' title='bbox 71 2017 147 2080; x_wconf 87' lang='lat' dir='ltr'>tur:</span> <span class='ocrx_word' id='word_1_112' title='bbox 181 2015 380 2099; x_wconf 82' lang='lat' dir='ltr'>principi</span> <span class='ocrx_word' id='word_1_113' title='bbox 414 2016 529 2082; x_wconf 88' lang='lat' dir='ltr'>iussn</span> <span class='ocrx_word' id='word_1_114' title='bbox 550 2017 714 2104; x_wconf 64' lang='lat' dir='ltr'>disposita</span> <span class='ocrx_word' id='word_1_115' title='bbox 744 2016 788 2081; x_wconf 87' lang='lat' dir='ltr'>sia</span> <span class='ocrx_word' id='word_1_116' title='bbox 810 2017 890 2081; x_wconf 88' lang='lat' dir='ltr'>enim</span> <span class='ocrx_word' id='word_1_117' title='bbox 913 2034 1049 2098; x_wconf 85' lang='lat' dir='ltr'>persaepe</span> <span class='ocrx_word' id='word_1_118' title='bbox 1070 2016 1148 2080; x_wconf 78' lang='lat' dir='ltr'>Am·</span> 
     </span>
     <span class='ocr_line' id='line_1_18' title="bbox 71 2120 1153 2206; baseline -0.002 -20"><span class='ocrx_word' id='word_1_119' title='bbox 71 2120 200 2186; x_wconf 86' lang='lat' dir='ltr'>mianns</span> <span class='ocrx_word' id='word_1_120' title='bbox 221 2121 357 2204; x_wconf 90' lang='lat' dir='ltr'>loquitur</span> <span class='ocrx_word' id='word_1_121' title='bbox 378 2122 561 2206; x_wconf 90' lang='lat' dir='ltr'>(dispono</span> <span class='ocrx_word' id='word_1_122' title='bbox 582 2123 756 2206; x_wconf 88' lang='lat' dir='ltr'>aliquem</span> <span class='ocrx_word' id='word_1_123' title='bbox 779 2121 915 2187; x_wconf 84' lang='lat' dir='ltr'>faeere</span> <span class='ocrx_word' id='word_1_124' title='bbox 936 2120 1093 2204; x_wconf 89' lang='lat' dir='ltr'>aliquid</span> <span class='ocrx_word' id='word_1_125' title='bbox 1114 2120 1153 2184; x_wconf 86' lang='lat' dir='ltr'>et·</span> 
     </span>
     <span class='ocr_line' id='line_1_19' title="bbox 73 2225 1145 2313; baseline -0.004 -21"><span class='ocrx_word' id='word_1_126' title='bbox 73 2227 273 2308; x_wconf 92' lang='lat' dir='ltr'>disponor</span> <span class='ocrx_word' id='word_1_127' title='bbox 295 2227 452 2313; x_wconf 90' lang='lat' dir='ltr'>aliquid</span> <span class='ocrx_word' id='word_1_128' title='bbox 474 2230 631 2307; x_wconf 79' lang='lat' dir='ltr'>faeere),</span> <span class='ocrx_word' id='word_1_129' title='bbox 654 2226 750 2293; x_wconf 89' lang='lat' dir='ltr'>altero</span> <span class='ocrx_word' id='word_1_130' title='bbox 772 2226 830 2291; x_wconf 93' lang='lat' dir='ltr'>illo</span> <span class='ocrx_word' id='word_1_131' title='bbox 846 2225 939 2291; x_wconf 90' lang='lat' dir='ltr'>modo</span> <span class='ocrx_word' id='word_1_132' title='bbox 955 2232 1145 2308; x_wconf 88' lang='lat' dir='ltr'>(apponor</span> 
     </span>
     <span class='ocr_line' id='line_1_20' title="bbox 70 2330 1155 2418; baseline -0.003 -22"><span class='ocrx_word' id='word_1_133' title='bbox 70 2333 225 2409; x_wconf 87' lang='lat' dir='ltr'>faeere)</span> <span class='ocrx_word' id='word_1_134' title='bbox 248 2352 416 2418; x_wconf 66' lang='lat' dir='ltr'>nusquam</span> <span class='ocrx_word' id='word_1_135' title='bbox 447 2354 476 2400; x_wconf 88' lang='lat' dir='ltr'>v.</span> <span class='ocrx_word' id='word_1_136' title='bbox 498 2335 568 2414; x_wconf 80' lang='lat' dir='ltr'>XX,</span> <span class='ocrx_word' id='word_1_137' title='bbox 591 2336 620 2412; x_wconf 89' lang='grc'>4,</span> <span class='ocrx_word' id='word_1_138' title='bbox 644 2335 672 2412; x_wconf 87' lang='grc'>9,</span> <span class='ocrx_word' id='word_1_139' title='bbox 703 2331 817 2410; x_wconf 80' lang='lat' dir='ltr'>XXIV,</span> <span class='ocrx_word' id='word_1_140' title='bbox 844 2333 871 2409; x_wconf 82' lang='lat'>1,</span> <span class='ocrx_word' id='word_1_141' title='bbox 894 2331 923 2409; x_wconf 76' lang='lat'>2,</span> <span class='ocrx_word' id='word_1_142' title='bbox 951 2331 1049 2409; x_wconf 86' lang='lat' dir='ltr'>XXV,</span> <span class='ocrx_word' id='word_1_143' title='bbox 1073 2331 1102 2409; x_wconf 86' lang='grc'>5,</span> <span class='ocrx_word' id='word_1_144' title='bbox 1125 2330 1155 2393; x_wconf 82' lang='lat'>8·</span> 
     </span>
     <span class='ocr_line' id='line_1_21' title="bbox 71 2439 845 2522; baseline -0.005 -17"><span class='ocrx_word' id='word_1_145' title='bbox 71 2440 106 2505; x_wconf 89' lang='lat' dir='ltr'>et</span> <span class='ocrx_word' id='word_1_146' title='bbox 130 2439 159 2518; x_wconf 87' lang='grc'>6,</span> <span class='ocrx_word' id='word_1_147' title='bbox 184 2439 223 2501; x_wconf 84' lang='grc'>14</span> <span class='ocrx_word' id='word_1_148' title='bbox 245 2440 346 2516; x_wconf 87' lang='lat' dir='ltr'>(toea</span> <span class='ocrx_word' id='word_1_149' title='bbox 368 2459 529 2507; x_wconf 86' lang='lat' dir='ltr'>servare</span> <span class='ocrx_word' id='word_1_150' title='bbox 552 2440 763 2522; x_wconf 88' lang='lat' dir='ltr'>dispositi)</span> <span class='ocrx_word' id='word_1_151' title='bbox 821 2439 845 2503; x_wconf 86' lang='lat' dir='ltr'>t.</span> 
     </span>
    </p>

    <p class='ocr_par' dir='ltr' id='par_1_4' title="bbox 71 2555 1155 3059">
     <span class='ocr_line' id='line_1_22' title="bbox 177 2555 1155 2638; baseline -0.005 -17"><span class='ocrx_word' id='word_1_152' title='bbox 177 2556 256 2623; x_wconf 91' lang='lat' dir='ltr'>Ibid.</span> <span class='ocrx_word' id='word_1_153' title='bbox 284 2559 313 2638; x_wconf 89' lang='grc'>3,</span> <span class='ocrx_word' id='word_1_154' title='bbox 343 2561 376 2622; x_wconf 94' lang='lat'>1:</span> <span class='ocrx_word' id='word_1_155' title='bbox 410 2559 483 2624; x_wconf 88' lang='lat' dir='ltr'>Hie</span> <span class='ocrx_word' id='word_1_156' title='bbox 516 2561 554 2622; x_wconf 89' lang='lat' dir='ltr'>et</span> <span class='ocrx_word' id='word_1_157' title='bbox 585 2557 685 2622; x_wconf 92' lang='lat' dir='ltr'>mihi</span> <span class='ocrx_word' id='word_1_158' title='bbox 711 2557 898 2622; x_wconf 81' lang='lat' dir='ltr'>vertenti</span> <span class='ocrx_word' id='word_1_159' title='bbox 932 2555 1073 2622; x_wconf 88' lang='lat' dir='ltr'>stilum</span> <span class='ocrx_word' id='word_1_160' title='bbox 1108 2556 1155 2620; x_wconf 87' lang='lat' dir='ltr'>in.</span> 
     </span>
     <span class='ocr_line' id='line_1_23' title="bbox 72 2660 1154 2746; baseline -0.008 -17"><span class='ocrx_word' id='word_1_161' title='bbox 72 2660 234 2729; x_wconf 83' lang='lat' dir='ltr'>Gallias</span> <span class='ocrx_word' id='word_1_162' title='bbox 256 2665 522 2730; x_wconf 80' lang='lat' dir='ltr'>confunditur</span> <span class='ocrx_word' id='word_1_163' title='bbox 551 2662 646 2728; x_wconf 90' lang='lat' dir='ltr'>ordo</span> <span class='ocrx_word' id='word_1_164' title='bbox 676 2664 889 2746; x_wconf 86' lang='lat' dir='ltr'>seriesque</span> <span class='ocrx_word' id='word_1_165' title='bbox 918 2663 1154 2746; x_wconf 37' lang='lat' dir='ltr'>gestorumq.</span> 
     </span>
     <span class='ocr_line' id='line_1_24' title="bbox 71 2767 1144 2856; baseline -0.001 -24"><span class='ocrx_word' id='word_1_166' title='bbox 71 2771 182 2833; x_wconf 92' lang='lat' dir='ltr'>inter</span> <span class='ocrx_word' id='word_1_167' title='bbox 203 2769 329 2835; x_wconf 89' lang='lat' dir='ltr'>multa</span> <span class='ocrx_word' id='word_1_168' title='bbox 350 2772 390 2836; x_wconf 90' lang='lat' dir='ltr'>et</span> <span class='ocrx_word' id='word_1_169' title='bbox 419 2789 520 2837; x_wconf 86' lang='lat' dir='ltr'>saeva</span> <span class='ocrx_word' id='word_1_170' title='bbox 542 2768 801 2834; x_wconf 82' lang='lat' dir='ltr'>Maximinum</span> <span class='ocrx_word' id='word_1_171' title='bbox 829 2767 1041 2856; x_wconf 85' lang='lat' dir='ltr'>reperiens</span> <span class='ocrx_word' id='word_1_172' title='bbox 1068 2767 1144 2832; x_wconf 88' lang='lat' dir='ltr'>iam</span> 
     </span>
     <span class='ocr_line' id='line_1_25' title="bbox 71 2873 1147 2957; baseline -0.002 -19"><span class='ocrx_word' id='word_1_173' title='bbox 71 2875 310 2957; x_wconf 71' lang='lat' dir='ltr'>prefectum</span> <span class='ocrx_word' id='word_1_174' title='bbox 333 2878 391 2942; x_wconf 86' lang='lat' dir='ltr'>oet.</span> <span class='ocrx_word' id='word_1_175' title='bbox 442 2877 502 2942; x_wconf 88' lang='lat' dir='ltr'>Pro</span> <span class='ocrx_word' id='word_1_176' title='bbox 524 2876 588 2941; x_wconf 89' lang='lat' dir='ltr'>hie</span> <span class='ocrx_word' id='word_1_177' title='bbox 611 2876 781 2942; x_wconf 81' lang='lat' dir='ltr'>necessario</span> <span class='ocrx_word' id='word_1_178' title='bbox 804 2876 1000 2941; x_wconf 83' lang='lat' dir='ltr'>scribendum</span> <span class='ocrx_word' id='word_1_179' title='bbox 1023 2873 1147 2939; x_wconf 85' lang='lat' dir='ltr'>videtur</span> 
     </span>
     <span class='ocr_line' id='line_1_26' title="bbox 71 2980 330 3059; baseline -0.019 -11"><span class='ocrx_word' id='word_1_180' title='bbox 71 2981 127 3048; x_wconf 86' lang='lat' dir='ltr'>lrio</span> <span class='ocrx_word' id='word_1_181' title='bbox 149 2980 219 3057; x_wconf 90' lang='lat' dir='ltr'>(hoo</span> <span class='ocrx_word' id='word_1_182' title='bbox 240 2981 330 3059; x_wconf 85' lang='lat' dir='ltr'>loeo).</span> 
     </span>
    </p>
   </div>
   <div class='ocr_carea' id='block_1_4' title="bbox 71 3132 1259 3744">
    <p class='ocr_par' dir='ltr' id='par_1_5' title="bbox 71 3132 1259 3744">
     <span class='ocr_line' id='line_1_27' title="bbox 177 3132 1259 3224; baseline -0.002 -26"><span class='ocrx_word' id='word_1_183' title='bbox 177 3134 242 3199; x_wconf 87' lang='lat' dir='ltr'>Lib.</span> <span class='ocrx_word' id='word_1_184' title='bbox 264 3132 366 3210; x_wconf 83' lang='lat' dir='ltr'>XXX,</span> <span class='ocrx_word' id='word_1_185' title='bbox 394 3134 425 3212; x_wconf 86' lang='grc'>8,</span> <span class='ocrx_word' id='word_1_186' title='bbox 449 3132 503 3198; x_wconf 82' lang='grc' dir='ltr'>1οι</span> <span class='ocrx_word' id='word_1_187' title='bbox 534 3132 783 3216; x_wconf 84' lang='lat' dir='ltr'>dignitatum</span> <span class='ocrx_word' id='word_1_188' title='bbox 818 3133 955 3213; x_wconf 82' lang='lat' dir='ltr'>apices</span> <span class='ocrx_word' id='word_1_189' title='bbox 984 3133 1146 3197; x_wconf 85' lang='lat' dir='ltr'>maximi</span> <span class='ocrx_word' id='word_1_190' title='bbox 1253 3206 1259 3224; x_wconf 76' lang='lat'>.</span> 
     </span>
     <span class='ocr_line' id='line_1_28' title="bbox 73 3236 1154 3320; baseline -0.003 -17"><span class='ocrx_word' id='word_1_191' title='bbox 73 3239 204 3304; x_wconf 81' lang='lat' dir='ltr'>liuere</span> <span class='ocrx_word' id='word_1_192' title='bbox 237 3239 318 3303; x_wconf 90' lang='lat' dir='ltr'>sibi</span> <span class='ocrx_word' id='word_1_193' title='bbox 354 3241 497 3303; x_wconf 86' lang='lat' dir='ltr'>cunata</span> <span class='ocrx_word' id='word_1_194' title='bbox 530 3239 821 3303; x_wconf 85' lang='lat' dir='ltr'>existimantes</span> <span class='ocrx_word' id='word_1_195' title='bbox 849 3240 887 3301; x_wconf 88' lang='lat' dir='ltr'>et</span> <span class='ocrx_word' id='word_1_196' title='bbox 915 3236 961 3301; x_wconf 91' lang='lat' dir='ltr'>ad</span> <span class='ocrx_word' id='word_1_197' title='bbox 986 3236 1154 3320; x_wconf 86' lang='lat' dir='ltr'>snppli··</span> 
     </span>
     <span class='ocr_line' id='line_1_29' title="bbox 72 3342 1151 3428; baseline -0.002 -18"><span class='ocrx_word' id='word_1_198' title='bbox 72 3343 240 3410; x_wconf 86' lang='lat' dir='ltr'>eandum</span> <span class='ocrx_word' id='word_1_199' title='bbox 286 3346 519 3410; x_wconf 83' lang='lat' dir='ltr'>contrarios</span> <span class='ocrx_word' id='word_1_200' title='bbox 556 3342 913 3428; x_wconf 86' lang='lat' dir='ltr'>exturbandosque</span> <span class='ocrx_word' id='word_1_201' title='bbox 953 3343 1151 3408; x_wconf 89' lang='lat' dir='ltr'>meliores·</span> 
     </span>
     <span class='ocr_line' id='line_1_30' title="bbox 72 3448 1153 3534; baseline -0.002 -20"><span class='ocrx_word' id='word_1_202' title='bbox 72 3450 241 3534; x_wconf 90' lang='lat' dir='ltr'>pronius</span> <span class='ocrx_word' id='word_1_203' title='bbox 285 3449 489 3515; x_wconf 83' lang='lat' dir='ltr'>inclinati.</span> <span class='ocrx_word' id='word_1_204' title='bbox 552 3448 639 3513; x_wconf 86' lang='lat' dir='ltr'>Nihil</span> <span class='ocrx_word' id='word_1_205' title='bbox 682 3449 730 3514; x_wconf 89' lang='lat' dir='ltr'>est</span> <span class='ocrx_word' id='word_1_206' title='bbox 773 3448 1009 3531; x_wconf 81' lang='lat' dir='ltr'>supplicare</span> <span class='ocrx_word' id='word_1_207' title='bbox 1053 3467 1153 3514; x_wconf 88' lang='lat' dir='ltr'>eon·-</span> 
     </span>
     <span class='ocr_line' id='line_1_31' title="bbox 71 3553 1153 3644; baseline -0.001 -23"><span class='ocrx_word' id='word_1_208' title='bbox 71 3555 243 3633; x_wconf 83' lang='lat' dir='ltr'>trarios‚</span> <span class='ocrx_word' id='word_1_209' title='bbox 266 3559 402 3621; x_wconf 90' lang='lat' dir='ltr'>reetnm:</span> <span class='ocrx_word' id='word_1_210' title='bbox 426 3556 473 3621; x_wconf 90' lang='lat' dir='ltr'>ad</span> <span class='ocrx_word' id='word_1_211' title='bbox 494 3555 651 3644; x_wconf 87' lang='lat' dir='ltr'>supplioio</span> <span class='ocrx_word' id='word_1_212' title='bbox 673 3553 800 3621; x_wconf 78' lang='lat' dir='ltr'>dandos</span> <span class='ocrx_word' id='word_1_213' title='bbox 823 3555 1052 3620; x_wconf 84' lang='lat' dir='ltr'>contrarios</span> <span class='ocrx_word' id='word_1_214' title='bbox 1075 3554 1153 3631; x_wconf 84' lang='lat' dir='ltr'>(hoe¹</span> 
     </span>
     <span class='ocr_line' id='line_1_32' title="bbox 72 3657 993 3744; baseline -0.001 -17"><span class='ocrx_word' id='word_1_215' title='bbox 72 3664 131 3739; x_wconf 78' lang='lat' dir='ltr'>est,</span> <span class='ocrx_word' id='word_1_216' title='bbox 154 3661 194 3726; x_wconf 88' lang='lat' dir='ltr'>ad</span> <span class='ocrx_word' id='word_1_217' title='bbox 216 3661 407 3728; x_wconf 84' lang='lat' dir='ltr'>adversarios</span> <span class='ocrx_word' id='word_1_218' title='bbox 429 3663 528 3744; x_wconf 82' lang='lat' dir='ltr'>poenis</span> <span class='ocrx_word' id='word_1_219' title='bbox 550 3664 581 3728; x_wconf 86' lang='lat' dir='ltr'>et</span> <span class='ocrx_word' id='word_1_220' title='bbox 603 3657 763 3744; x_wconf 77' lang='lat' dir='ltr'>suppliciis</span> <span class='ocrx_word' id='word_1_221' title='bbox 785 3658 993 3738; x_wconf 82' lang='lat' dir='ltr'>obiiciendos).</span> 
     </span>
    </p>
   </div>
   <div class='ocr_carea' id='block_1_5' title="bbox 73 3769 1154 4086">
    <p class='ocr_par' dir='ltr' id='par_1_6' title="bbox 73 3769 1154 4086">
     <span class='ocr_line' id='line_1_33' title="bbox 175 3769 1144 3874; baseline -0.001 -20"><span class='ocrx_word' id='word_1_222' title='bbox 175 3790 252 3856; x_wconf 87' lang='lat' dir='ltr'>lbid.</span> <span class='ocrx_word' id='word_1_223' title='bbox 268 3793 315 3868; x_wconf 86' lang='grc'>10,</span> <span class='ocrx_word' id='word_1_224' title='bbox 327 3794 352 3856; x_wconf 86' lang='lat' dir='ltr'>l:</span> <span class='ocrx_word' id='word_1_225' title='bbox 368 3769 998 3874; x_wconf 80' lang='lat' dir='ltr'>quae(oohortesGallioanae)...ansnrae</span> <span class='ocrx_word' id='word_1_226' title='bbox 1011 3807 1144 3854; x_wconf 90' lang='lat' dir='ltr'>novum</span> 
     </span>
     <span class='ocr_line' id='line_1_34' title="bbox 74 3894 1154 3984; baseline -0.004 -21"><span class='ocrx_word' id='word_1_227' title='bbox 74 3897 267 3982; x_wconf 90' lang='lat' dir='ltr'>quoddam</span> <span class='ocrx_word' id='word_1_228' title='bbox 283 3895 505 3984; x_wconf 70' lang='lat' dir='ltr'>[quiddamt]</span> <span class='ocrx_word' id='word_1_229' title='bbox 521 3897 755 3980; x_wconf 86' lang='lat' dir='ltr'>intempore</span> <span class='ocrx_word' id='word_1_230' title='bbox 771 3897 1058 3979; x_wconf 82' lang='lat' dir='ltr'>sperabantur,</span> <span class='ocrx_word' id='word_1_231' title='bbox 1074 3894 1154 3959; x_wconf 80' lang='lat' dir='ltr'>hoo:</span> 
     </span>
     <span class='ocr_line' id='line_1_35' title="bbox 73 4001 1152 4086; baseline -0.004 -17"><span class='ocrx_word' id='word_1_232' title='bbox 73 4001 319 4084; x_wconf 79' lang='lat' dir='ltr'>temptanda</span> <span class='ocrx_word' id='word_1_233' title='bbox 341 4004 523 4070; x_wconf 85' lang='lat' dir='ltr'>novitati</span> <span class='ocrx_word' id='word_1_234' title='bbox 545 4021 607 4068; x_wconf 88' lang='lat' dir='ltr'>res</span> <span class='ocrx_word' id='word_1_235' title='bbox 630 4003 867 4082; x_wconf 77' lang='lat' dir='ltr'>adiuvante,</span> <span class='ocrx_word' id='word_1_236' title='bbox 890 4002 993 4086; x_wconf 90' lang='lat' dir='ltr'>qnod</span> <span class='ocrx_word' id='word_1_237' title='bbox 1014 4002 1152 4086; x_wconf 85' lang='lat' dir='ltr'>gesto·-</span> 
     </span>
    </p>
   </div>
   <div class='ocr_carea' id='block_1_6' title="bbox 0 0 1396 4572">
    <p class='ocr_par' dir='ltr' id='par_1_7' title="bbox 0 0 1396 4572">
     <span class='ocr_line' id='line_1_36' title="bbox 0 0 1396 4572; baseline 0 0"><span class='ocrx_word' id='word_1_238' title='bbox 0 0 1396 4572; x_wconf 95' lang='lat' dir='ltr'> </span> 
     </span>
    </p>
   </div>
  </div>
 </body>
</html>
