2712 4576
356 267 494 322 Ciceronis
513 267 546 322 de
565 272 674 321 oratore
693 266 739 320 lib.
759 266 780 320 Ι.
1019 264 1058 328 89

50 462 120 527 dem
144 483 227 530 esse
249 466 495 539 consultum,
517 465 734 546 praeclaras
758 463 854 528 duas
876 463 986 528 artes
1010 480 1101 527 con-

50 571 233 637 stitueres
256 574 314 636 cet.

135 723 208 788 ibid.
232 724 308 789 248:
333 724 385 788 De
408 742 463 788 me
486 726 620 789 autern
642 723 747 806 ipso,
771 722 836 788 cui
858 721 926 787 uni
948 723 990 787 tu
1013 740 1102 787 con-

49 826 162 903 cedis,
185 831 224 894 ut
246 829 329 894 sine
351 830 435 894 ulla
456 829 561 896 iuris
591 830 773 896 scientia
803 829 935 893 tamen
964 829 1101 894 causis

49 934 282 1001 satisfacere
304 935 472 1018 possim,
496 933 577 1000 tibi
598 934 684 1008 hoc,
700 936 858 1008 Crasse,
876 935 1104 1016 respondeo,

49 1059 157 1123 neque
189 1061 247 1107 me
280 1061 464 1126 umquam
495 1043 557 1108 ius
588 1042 712 1108 civile
743 1041 946 1106 didicisse
975 1057 1101 1122 neque

49 1148 163 1211 tamen
186 1149 223 1212 in
246 1148 301 1214 iis
324 1149 474 1220 causis,
497 1168 595 1232 quas
621 1148 658 1213 in
681 1148 772 1213 iure
794 1165 942 1229 possem
967 1145 1100 1210 delen-

49 1251 141 1325 dere,
163 1243 490 1337 umquamistam
511 1254 730 1321 scientiam
754 1253 1007 1319 desiderasse.
1030 1251 1101 1316 Non

48 1359 134 1441 agitur
165 1361 203 1424 de
236 1362 345 1440 causis,
379 1381 455 1445 ques
477 1362 634 1427 Antonius
666 1361 698 1424 in
729 1360 804 1434 iure,
840 1359 898 1424 boc
932 1361 989 1432 est,
1019 1359 1102 1441 apud

47 1466 205 1542 praet-orem.
241 1471 408 1551 antequam
440 1468 480 1533 ad
513 1469 629 1534 iudices
657 1467 822 1544 veniretur,
854 1466 1016 1531 defendere
1046 1485 1103 1548 po-

17 1563 18 1566 ’
48 1571 139 1650 tuerit,
161 1573 215 1636 sed
238 1574 276 1638 de
298 1573 346 1646 iis,
367 1577 397 1638 in
421 1575 531 1658 quibus
553 1576 638 1652 iuris,
662 1593 722 1640 non
745 1573 820 1638 iacti
844 1572 974 1657 quaestio
996 1571 1098 1638 suerit.

48 1677 162 1742 Sublata
183 1679 280 1762 igitur
301 1679 515 1762 praepositione
537 1678 749 1747 scribendum:
780 1698 876 1763 quas
899 1679 986 1745 iure
1008 1699 1104 1762 pos·

48 1803 112 1849 seru
134 1785 365 1851 defendere.
403 1787 443 1850 da
466 1806 514 1852 res
536 1806 695 1871 genusque
718 1804 880 1852 causarum
901 1791 933 1851 et
954 1786 1099 1870 loquendi

48 1910 107 1955 usus
127 1890 311 1974 perspicitur
333 1894 385 1961 lib.
409 1893 450 1970 ΙΙ,
476 1894 545 1959 106.

17 2101 19 2118 ἶ
132 2032 213 2099 Ibid.
253 2034 329 2097 254:
368 2033 627 2118 Quamquam,
663 2033 854 2117 quoniam
891 2033 1017 2100 multa
1053 2036 1097 2100 ed

17 2130 18 2175 ³
48 2139 213 2204 oratoris
246 2139 569 2206 similitudinem
602 2141 647 2205 eb
679 2159 754 2204 uno
782 2138 951 2204 artifice
977 2142 1105 2206 sumi·

50 2263 132 2324 nus,
165 2246 272 2311 solet
303 2246 407 2310 idem
441 2247 610 2313 Roscius
644 2246 779 2312 dicere
812 2263 868 2327 se,
907 2264 979 2328 quo
1013 2245 1107 2328 plus

49 2351 114 2416 sibi
146 2352 285 2417 aetatis
317 2353 550 2427 accederet,
582 2371 625 2417 eo
659 2352 868 2418 tardiores
905 2350 1103 2417 tibicinis

17 2511 18 2538 ,
49 2459 167 2524 nodos
204 2463 243 2523 et
278 2461 420 2525 cautus
456 2459 719 2524 remissiores
756 2475 843 2523 osse
887 2457 1108 2522 facturum,

50 2561 326 2632 llanilestissimum
351 2570 399 2632 est
420 2565 513 2632 scribi
536 2565 677 2632 debuisse
700 2565 784 2646 (pust
806 2561 924 2640 solet)
954 2565 1008 2628 aut
1038 2583 1101 2630 ac-

17 2703 18 2728 t
50 2672 212 2736 cesserit
244 2673 298 2737 aut
336 2673 517 2747 accedat,
557 2669 741 2738 coniunctivi
779 2670 994 2752 imperfectum
1030 2673 1101 2736 ferri

51 2775 122 2842 nullo
143 2777 235 2842 modo
252 2797 358 2861 posse,
381 2797 480 2863 neque
508 2781 613 2844 tamen
628 2778 731 2841 minus
749 2780 865 2841 certum
881 2777 929 2842 est
944 2776 1101 2843 librarium

51 2880 97 2946 hoc
116 2901 167 2964 pro
189 2884 312 2949 illorum
337 2886 505 2951 alteroulro
528 2903 585 2949 non
609 2883 815 2948 substituisse.
855 2884 954 2949 ,Latet
968 2903 1109 2965 praesens-

51 2991 158 3072 ternpus
191 2992 278 3056 verbi
310 2993 400 3073 paulo
434 2993 535 3056 minus
565 2989 672 3055 usilati
694 2993 725 3054 et
747 2990 838 3054 simul
859 2989 945 3054 lusus
968 2992 1109 3072 quidam..

53 3095 190 3180 Scriptum
207 3099 418 3164 enimsuerat:
443 3118 499 3170 se,
522 3115 595 3179 quo
618 3097 707 3178 plus
731 3095 810 3160 sibi
833 3096 967 3160 etatis
991 3113 1104 3162 acoe-

52 3201 160 3277 leret,
193 3224 235 3270 eo
267 3206 472 3271 tardiores
505 3208 563 3268 oet.
616 3203 754 3267 AEtatem
783 3203 969 3268 submoleste
991 3203 1110 3269 adven·-

52 3307 155 3376 tantem
178 3313 305 3378 Roscius
327 3312 421 3376 simul
443 3313 475 3375 et
497 3329 627 3393 querens
650 3308 784 3374 molliter
806 3311 838 3372 et
860 3308 968 3372 ludens
989 3308 1103 3372 accele-

53 3432 108 3480 rare
128 3419 203 3485 dicit
225 3420 312 3502 eique
335 3437 367 3482 se
391 3417 541 3482 celeritati
563 3415 709 3481 tarditate
732 3416 962 3480 subventurum.

139 3560 216 3625 lbid.
250 3559 326 3622 256:
364 3559 538 3641 Reliqua
570 3560 661 3623 vero
695 3557 857 3622 etiamsi
893 3555 1110 3632 adiuvant,

54 3659 256 3730 historiam
290 3664 378 3729 dico
412 3666 450 3728 et
480 3664 737 3746 prudentiam
765 3663 868 3728 iuris
891 3661 1046 3745 publici
1068 3662 1107 3725 et

56 3770 308 3853 antiquitatis
345 3773 423 3836 iter
467 3773 505 3835 et
547 3771 817 3854 exemplorum
861 3767 1029 3850 copiam,
1073 3765 1107 3830 si

56 3877 193 3953 quando
224 3896 321 3960 opus
349 3879 443 3953 erit,
471 3897 488 3942 a
515 3877 602 3942 uiro
631 3877 780 3958 optimo
804 3926 812 3942 .
836 3926 843 3940 .
867 3926 874 3942 .
897 3923 905 3941 .
928 3873 1112 3956 Longino-

58 3985 250 4048 uutuabor
266 3986 324 4048 cet.
355 3983 557 4056 Vocabulum,
574 3983 655 4065 quod
670 3986 719 4048 est
732 3984 826 4055 iter,
844 3983 915 4047 ferri
931 4000 990 4045 non
1007 3995 1107 4059 posse,

57 4103 138 4170 neque
152 4109 206 4172 per
221 4109 254 4155 se
269 4108 367 4171 noque
382 4109 451 4155 cum
475 4090 744 4170 exemplorum
767 4107 809 4154 co
819 4090 883 4171 pia
902 4085 1111 4161 coniunctum,
