2740 4572
419 216 577 272 Amissus
595 215 781 272 Marcellinus.
1031 215 1091 278 ι253

58 415 216 489 mittit,
252 414 434 496 arripere
470 413 592 479 debet
623 413 824 479 alacriter
856 413 1031 479 secunda
1064 432 1135 479 uu·

59 518 191 586 minis
223 517 438 584 voluntate
472 519 619 584 deleta.
673 519 725 586 Sic
754 518 873 584 codices
902 519 1082 595 (Vaticanus
1105 521 1137 584 et

64 624 238 702 Petrinus).
271 625 307 688 In
323 624 474 705 corruptis
489 624 604 690 litteris
629 625 716 690 dum
739 624 871 708 equis,
895 624 1037 708 equibus
1049 623 1136 700 nihil,

12 787 13 820 ξ
67 729 156 814 quod
177 730 299 813 probari
320 735 433 812 posset,
462 730 593 796 editores
615 730 788 810 effecerunt,
809 730 887 796 latet
908 728 1137 796 substantivum

67 857 142 903 cum
177 836 408 902 officiorum
443 838 475 901 et
507 836 690 903 omnibus
723 838 929 930 coniunctum.
981 834 1139 917 Scriptum

65 944 188 1009 fueret:
220 941 455 1008 officiorum
489 942 627 1010 dumetis
659 943 851 1008 omnibus.
906 941 1140 1008 Officiorumet

12 1045 13 1122 t
68 1067 215 1114 curarum
236 1046 425 1130 multiplices
447 1051 478 1113 et
499 1051 657 1131 perplexos
679 1067 786 1115 cursus
809 1067 880 1115 cnm
902 1047 1038 1113 dumetis
1060 1051 1138 1112 Am-

71 1156 194 1220 mianus
216 1156 374 1237 comparat
395 1172 519 1236 prorsus
541 1174 558 1220 e
580 1173 635 1220 sue
666 1154 887 1220 cousuetudine
910 1155 985 1218 dure
1009 1156 1041 1219 et
1063 1153 1141 1218 arti·

71 1261 178 1327 ficioee
211 1261 357 1345 imagine
374 1265 474 1326 utens.
529 1259 659 1338 Deinde,
693 1261 745 1326 nbi
777 1265 848 1342 post
880 1259 1001 1326 litteras
1034 1261 1140 1325 ratio

70 1371 183 1434 lacuna
215 1368 272 1443 est,
306 1365 412 1432 subest
443 1364 612 1433 infinitivus
645 1367 835 1435 ratiocinari
856 1364 975 1445 (nibil
997 1385 1073 1431 non
1095 1365 1166 1431 ad.

71 1474 136 1539 sui
158 1474 345 1556 spectare
366 1473 538 1538 tutelam
559 1473 805 1538 ratiocinari
831 1477 934 1538 —et
963 1470 1142 1537 remedia

73 1581 219 1646 ennete
355 1579 537 1661 arripere
570 1579 719 1657 debet);
742 1579 815 1663 quid
844 1582 992 1660 praterea
1021 1576 1061 1642 ed
1092 1595 1143 1642 ex·

95 1685 224 1752 lendum
244 1685 417 1751 litterarum
440 1687 575 1770 spatium
603 1686 738 1769 suppleri
766 1684 888 1762 debeat,
912 1685 1062 1750 incertum
1085 1683 1143 1748 est.

75 1795 254 1876 Sequuntur
273 1793 379 1875 paucis
400 1791 570 1859 interiectis
593 1795 612 1877 ᾖ
632 1792 671 1856 13
692 1793 723 1857 in
746 1791 903 1858 codicibus
923 1791 1005 1858 hac:
1028 1789 1145 1855 Veri-

12 1975 14 1998 γ
76 1898 180 1964 tetis
206 1897 308 1964 enim
332 1899 531 1965 absolimo
553 1917 710 1981 semper
731 1901 772 1964 at
792 1917 860 1980 per
882 1899 946 1964 est
967 1896 1145 1979 simplex,
1174 1974 1177 1982 Ι

76 2025 146 2088 quae
169 2009 200 2070 et
223 2005 298 2071 olim
321 2007 423 2072 minus
444 1996 668 2072 bene'tenteta
689 2009 721 2069 et
742 2023 839 2086 nuper
860 2004 1027 2070 infeliciter
1048 2001 1147 2066 lican-

77 2119 186 2195 terque
210 2113 292 2178 sunt.
345 2113 370 2176 ll
401 2110 541 2196 vestigiis
572 2111 746 2176 litterarum
770 2109 917 2175 elicitur:
941 2107 1145 2173 Veritatis

78 2219 182 2284 enim
205 2217 366 2285 absolutio
388 2237 544 2303 semper
566 2217 686 2302 aperte
708 2221 769 2282 est
792 2215 906 2297 <ct>
930 2213 1112 2294 simplex.

182 2359 249 2426 Lib.
272 2358 341 2434 XV,
364 2361 392 2435 5,
417 2361 435 2422 5
465 2361 497 2425 in
530 2359 596 2423 loco
629 2359 740 2423 misere
770 2358 911 2436 corrupto
938 2354 969 2416 et
1002 2353 1148 2416 lecuuoeo

79 2466 136 2533 hoc
158 2468 281 2531 tantum
301 2465 460 2550 perspicio,
483 2485 518 2531 er
541 2465 591 2530 his
612 2463 743 2529 litteris:
766 2457 1008 2544 imperatori
1030 2455 1150 2521 avido

80 2571 262 2639 scrutari
289 2573 370 2638 haec
398 2577 437 2636 et
465 2570 623 2637 similia
653 2567 814 2635 censuit
842 2562 1040 2652 efficiendum
1064 2579 1150 2627 esse:

81 2681 320 2764 imperatori
348 2679 441 2747 aude
469 2677 648 2744 scrutari
675 2677 756 2741 haec
777 2675 816 2741 et
838 2669 996 2737 similia
1017 2683 1151 2735 cousue-

81 2793 167 2862 tum;
191 2804 263 2852 unm
285 2785 427 2851 aridus
450 2781 627 2850 scrutari
650 2803 687 2848 ne
709 2779 893 2848 Ammianus
915 2776 1042 2861 quidem
1065 2773 1152 2838 dixit.

82 2894 194 2960 Cetera
216 2911 276 2958 non
298 2893 427 2976 attingo.

186 3045 265 3111 Ibid.
283 3048 303 3126 ξ
322 3045 377 3110 12:
393 3045 547 3129 Hisque
569 3042 751 3128 cognitis
770 3036 923 3105 statuit
939 3035 1156 3115 imperator

86 3152 413 3236 dispicientibus
456 3147 774 3217 consistorianis
820 3147 859 3208 et
901 3138 1156 3207 militaribus

85 3258 295 3326 universis
317 3260 357 3325 in
379 3259 584 3342 negotium
605 3246 927 3338 praterinquiri.
983 3244 1157 3327 Cumque

86 3365 246 3432 iudices
268 3363 554 3440 fastidissem,
581 3355 822 3425 Florentius
843 3350 1082 3436 Nigriniani
1103 3349 1156 3413 fi-

86 3475 170 3538 lius
193 3520 201 3537 .
225 3517 232 3534 .
256 3518 264 3536 .
285 3518 294 3536 .
316 3468 612 3537 animadvertit
636 3466 694 3532 cet.
738 3460 827 3542 Quod
852 3459 910 3525 hoc
931 3458 973 3524 sit
994 3454 1156 3520 festidium
1180 3469 1182 3474 ’

86 3579 237 3658 iudicum,
273 3597 362 3644 nemo
399 3575 595 3642 intellexerit.
654 3566 847 3638 Narrationis
883 3567 971 3630 tenor
1006 3563 1160 3627 monstret

88 3684 286 3754 scribendum
309 3702 392 3750 esse:
426 3681 599 3765 Cumque
629 3677 787 3743 iudices
809 3671 1008 3740 assonarent
1029 3668 1083 3745 (ad
1106 3685 1160 3732 ue·

90 3794 213 3878 gotium
234 3790 473 3876 inquirendum).

194 3932 272 3999 lbid.
306 3933 336 4012 8,
370 3931 409 3994 12
442 3929 488 4007 (in
524 3926 661 3993 oratione
694 3919 867 3989 Constantii
902 3916 942 3983 ed
977 3915 1161 3988 Iulianum:

94 4044 225 4106 Aucta
246 4037 380 4124 gloria
407 4053 491 4101 mea
519 4030 740 4106 confiteor,
774 4027 842 4111 qni
872 4025 1008 4092 iustus
1030 4021 1069 4086 iu
1094 4018 1161 4083 de·
