2740 4572
278 215 340 279 248
644 217 706 272 Lib.
725 218 761 272 ΙΙ.
781 219 845 288 Cep.
865 217 897 272 V.
971 191 975 198 Ι
1357 238 1358 310 ἱ

238 431 278 478 se
299 414 480 480 contulit
502 419 561 482 cet.
604 415 656 482 Sic
684 417 813 494 codices,
844 437 914 498 non,
945 415 1026 500 quod
1048 395 1254 482 substituitur
1281 417 1323 480 in

236 517 391 603 plerisque
424 521 619 600 editionibus,
648 523 969 590 translaticium.
1026 522 1127 588 Prave
1158 521 1323 586 adiectivi

238 624 414 692 terminatio
437 627 475 692 de
497 628 656 694 sententiae
678 648 797 713 quoque
818 629 895 695 vitio
917 629 1079 706 admonet;
1101 646 1199 711 neque
1221 627 1322 692 enim
1357 627 1358 682 i

238 730 301 797 ius
330 732 518 799 tralaticium
552 734 617 801 uilo
645 737 786 802 mercede
819 738 977 830 empturus
1010 737 1076 800 erat
1101 734 1322 808 Octavianus;

237 837 435 919 publicum
467 839 593 923 quidem
626 841 675 906 ius
711 841 772 908 alia
804 839 888 908 certa
919 839 1143 925 significatione
1177 839 1322 904 dicitur.
1357 853 1358 900 t

239 941 440 1010 Scribendum
473 947 537 1012 est:
573 965 617 1012 ne
649 946 854 1030 publicum
877 946 1037 1031 quidem
1065 948 1103 1012 et
1124 945 1322 1011 transla-

237 1049 380 1115 tioium
403 1067 527 1117 munus.
578 1050 629 1117 Sic
650 1056 734 1118 recte
756 1051 848 1118 huius
877 1054 978 1118 etatis
1010 1071 1067 1118 uso
1099 1052 1321 1136 publicum
1357 1045 1358 1132 ξ

237 1174 292 1239 pro
315 1155 468 1222 communi
489 1177 525 1224 ac
546 1157 666 1243 vulgari
679 1159 811 1225 dicitur.
1087 1241 1088 1244 Ἴ

340 1331 408 1398 Tib.
433 1335 489 1400 17:
523 1333 597 1400 Sed
620 1334 666 1399 de
687 1335 923 1420 cognomine
945 1331 1079 1411 (Tiberio
1102 1332 1320 1409 decernendo)

239 1438 483 1506 intercessit
503 1441 730 1524 Augustus,
760 1461 800 1504 eo
827 1443 1063 1505 contentum
1086 1441 1320 1521 repromit-

238 1546 345 1620 tens,
369 1547 470 1630 quod
493 1566 532 1612 se
555 1545 747 1612 defuneto
770 1549 1035 1629 suscepturus
1058 1545 1176 1611 esset.
1197 1544 1320 1628 Neque

238 1653 530 1735 repromittere
552 1671 606 1736 pro
629 1653 868 1735 promittere
890 1651 1075 1734 simpliciter
1090 1670 1237 1734 nmquam
1263 1651 1318 1715 di-

240 1757 328 1835 citur,
352 1759 490 1840 quamvis
514 1758 547 1823 id
563 1757 696 1824 Wolfius
717 1762 748 1823 et
770 1757 823 1822 elii
838 1757 1002 1834 affirment,
1018 1776 1119 1840 neque
1135 1756 1317 1822 infinitivus

240 1863 1317 1947 abessepossevidetur(promittoTiberiumcontentum);

240 1987 311 2032 nam
339 1968 431 2050 paulo
460 1969 551 2035 aliter
580 1971 691 2036 dicitur
721 1971 816 2053 (Aug.
843 1970 910 2047 10):
944 1970 1166 2036 Antonium
1191 1970 1318 2035 ediu-

240 2077 367 2140 torem
389 2079 635 2159 speraverat.
690 2077 726 2140 In
748 2069 923 2141 litterisr'e
945 2077 1024 2140 latet
1045 2075 1210 2158 vestigium
1233 2076 1314 2151 eine,

245 2182 325 2266 quod
349 2176 513 2247 Suetonius
542 2182 722 2264 scripserat:
756 2202 798 2248 eo
822 2182 1055 2246 contentum
1080 2179 1150 2246 fore
1172 2181 1315 2267 promit-

242 2293 325 2356 tens.
381 2273 484 2354 Etiam
507 2287 580 2353 Oth.
608 2291 627 2350 4
656 2287 794 2370 suspicor
822 2287 898 2352 olim
926 2287 1074 2370 scriptum
1105 2285 1217 2352 fuisse:
1247 2285 1312 2352 im-

243 2399 428 2480 peratorem
450 2413 603 2478 quoque
625 2393 736 2459 brevi
758 2394 830 2460 fore
852 2393 1055 2479 promittens.

263 2547 267 2553 ’
343 2560 422 2624 lbid.
455 2559 512 2626 28:
552 2557 697 2624 Exstat
729 2559 770 2624 et
806 2576 934 2623 sermo
971 2559 1058 2622 eius
1091 2554 1236 2635 (Tiberii)
1271 2556 1313 2620 in
1357 2585 1358 2608 r

243 2667 388 2732 senatu
422 2664 658 2749 percivilis:
703 2665 741 2730 Si
781 2664 938 2747 quidem
983 2663 1147 2728 locutus
1184 2661 1316 2727 aliter

244 2770 386 2845 fuerit,
409 2770 507 2835 dabo
530 2789 702 2853 operum,
725 2772 766 2835 ut
788 2768 986 2836 rationem
1010 2768 1207 2834 factorum
1231 2787 1313 2832 me·

244 2895 350 2941 orum
375 2875 656 2962 dictorumque
682 2875 861 2952 reddem;
894 2875 929 2940 si
960 2873 1311 2958 perseveraverit,

243 2982 427 3046 invicem
451 2982 684 3050 eumodero.
743 2982 851 3069 Neque
880 2981 913 3046 si
933 2980 1102 3067 vquidem
1123 2998 1177 3063 pro
1200 2977 1234 3044 si
1257 2999 1313 3064 po·

244 3089 338 3154 situm
369 3086 420 3153 hic
451 3087 547 3154 ullum
580 3088 674 3155 habet
705 3087 940 3165 exeusationem,
970 3088 1138 3171 praesertim
1161 3091 1312 3170 sequente

244 3194 342 3260 altero
364 3193 416 3272 si,
443 3212 541 3278 neque
564 3196 736 3262 subiectum
757 3196 864 3260 abesse
887 3193 1064 3259 ullomodo
1086 3196 1189 3276 potest
1210 3211 1310 3276 neque

245 3299 436 3387 significatio,
469 3300 507 3364 de
540 3320 599 3385 quo
632 3301 757 3367 homino
785 3301 837 3366 vel
864 3319 898 3366 re
929 3299 1040 3383 aliquis
1062 3318 1122 3366 non
1145 3298 1311 3364 honorifice
1357 3379 1358 3400 Χ

244 3408 394 3490 loquatur.
449 3407 633 3490 Separandee
665 3405 778 3474 rectius
811 3405 924 3472 litterae
954 3409 986 3472 et
1007 3424 1068 3470 uua
1096 3405 1246 3484 addenda,
1276 3412 1311 3470 ut

245 3513 316 3578 tat:
351 3515 390 3578 Si
415 3513 588 3606 quitqnis)
613 3514 653 3580 de
675 3532 724 3579 me
751 3514 912 3579 locutus
945 3511 1069 3578 aliter
1101 3513 1230 3577 fuerit
1251 3519 1309 3578 eet.

245 3618 389 3684 Ceterum
420 3616 655 3687 inusitatissime
688 3619 800 3686 dicitur
832 3619 995 3684 locutus
1029 3618 1155 3684 aliter
1185 3637 1241 3702 pro
1263 3637 1307 3694 eo,
1357 3637 1358 3704 f

246 3723 327 3808 quod
349 3726 399 3790 est
419 3743 550 3802 secus,
575 3727 631 3792 hoc
652 3727 710 3804 eet,
732 3726 763 3791 in
786 3725 965 3792 deteriorem
984 3727 1114 3808 partem,
1129 3743 1186 3790 nec
1200 3724 1310 3790 iniuria
1357 3719 1358 3788 i

245 3831 379 3902 dubitari
406 3833 516 3913 potest,
547 3837 649 3898 utrum
679 3833 724 3898 sic
752 3831 916 3898 Suetonius
945 3832 1111 3914 scripserit,
1133 3849 1172 3896 an
1202 3849 1308 3913 super·
1357 3793 1358 3870 i

246 3937 396 4019 scriptum
418 3937 640 4019 interpretandi
660 3957 754 4004 causo
777 3938 874 4003 alteri¹
894 3939 1038 4004 adverbio
1066 3937 1169 4002 miuus
1199 3937 1309 4002 usitato

246 4044 311 4119 hoo,
344 4041 428 4124 quod
459 4059 540 4107 nunc
574 4042 698 4125 iegitur,
731 4042 762 4107 in
778 4069 780 4076 ’
794 4045 967 4110 contentam
990 4045 1161 4110 orationem
1183 4042 1308 4120 venerit,
1357 4013 1358 4060 ¹
