2740 4572
405 261 565 318 Ammianus
583 262 771 318 Marcellinus.
1020 265 1081 328 259

50 499 60 515 .
85 453 393 524 ..1111111111
447 458 492 524 De
513 458 616 526 verbis
637 461 709 541 post
730 459 949 542 splendent
971 461 1128 544 suppletis

51 560 133 626 nibil
155 579 207 626 me
229 562 391 639 affirmare,
413 563 490 629 nibil
510 583 586 648 opus
608 570 656 631 est
677 565 750 632 diei.

154 665 236 732 Ibid.
259 667 288 746 6,
311 669 346 730 2:
370 669 484 736 cuius
507 670 658 755 (Singara
675 671 775 749 urbis)
797 676 1128 758 propugnatores

47 770 139 836 viso
177 771 291 840 hoste
327 774 584 858 longissime,
630 777 784 842 clausis
820 778 933 844 ocius
973 779 1125 860 portis,

48 877 295 961 ingentibus
328 882 476 946 animis
506 900 574 964 per
603 883 739 949 turres
769 882 1058 969 discurrebant
1085 888 1127 950 et

48 981 201 1061 minas,
234 1003 327 1051 saxa
358 989 643 1071 tormentaque
674 987 826 1054 bellica
855 993 1124 1074 congerentes

48 1089 111 1154 cet.
162 1089 232 1156 Non
260 1109 315 1173 per
342 1094 444 1158 turres
467 1095 499 1158 et
520 1095 630 1173 minas,
653 1112 722 1178 qum
742 1094 971 1162 ultramodum
995 1095 1127 1162 ridicule

49 1196 292 1279 coniunguntur,
337 1200 392 1264 sed
428 1199 667 1283 ingentibus
704 1201 851 1266 animis
887 1220 953 1283 per
988 1203 1126 1267 turres

50 1303 345 1369 discurrebant
365 1307 404 1371 11
424 1304 528 1371 minis.

110 1455 115 1458 -
156 1409 236 1474 lbid.
262 1411 309 1487 11,
333 1413 372 1472 28
402 1411 449 1488 (in
477 1411 681 1492 descriptione
708 1410 827 1488 iridislr
859 1415 1003 1496 quarta
1025 1419 1127 1494 (pars)

50 1515 147 1580 ideo
170 1519 382 1599 purpurat,
411 1517 512 1600 quod
543 1517 834 1582 intermicante
862 1519 1123 1601 asperginum

52 1621 267 1686 densitate
302 1639 371 1704 per
403 1641 500 1706 quas
532 1624 664 1689 oritur
695 1622 899 1688 radiorum
932 1624 1127 1707 splendor

50 1726 317 1809 conspiciens
351 1728 532 1795 offendit
562 1735 770 1811 aspectum
806 1728 995 1796 flammeo
1031 1748 1124 1811 pro·

50 1834 207 1914 piorem
229 1836 287 1899 cet.
331 1834 382 1900 Sic
402 1833 532 1900 codices.
578 1834 638 1900 Pro
660 1835 792 1901 oritur
819 1834 981 1902 infeliciter
1003 1835 1124 1902 (irone-

49 1939 121 2004 rius
145 1937 318 2004 moritur
339 1940 474 2022 scripsit,
497 1958 588 2023 quem
612 1939 746 2008 editores
768 1943 865 2008 secuti
888 1946 970 2007 suut.
1014 1942 1128 2027 Neque

50 2046 137 2110 enim
170 2044 299 2110 moritur
330 2045 485 2128 splendor,
519 2046 573 2112 sed
605 2047 720 2112 mixtus
753 2047 968 2130 asperginibus
995 2050 1026 2112 in
1048 2067 1128 2130 pur·

49 2169 185 2233 pureum
206 2150 336 2216 colorem
360 2153 486 2228 transit;
519 2152 778 2234 conspiciens
800 2152 918 2218 obiecto
940 2153 1040 2228 caret;
1063 2153 1124 2217 ol·

50 2256 191 2322 fundit
222 2274 397 2338 perversum
435 2257 491 2335 est,
529 2257 673 2342 qnoniam
708 2258 898 2342 aspectus
935 2258 1124 2323 flammeo

50 2364 219 2447 propior
248 2381 306 2428 non
338 2365 410 2428 ante
442 2363 530 2431 adest
560 2366 593 2429 et
622 2362 795 2440 offenditur,
820 2365 872 2428 sed
895 2380 976 2428 nunc
998 2363 1123 2428 demum

50 2469 199 2535 nascitur.
243 2468 357 2534 Omnia
377 2472 461 2536 recta
482 2469 560 2536 fiunt
581 2487 640 2534 nou
662 2469 782 2536 difficili
804 2487 861 2533 nec
876 2468 985 2534 audaci
1004 2487 1124 2534 correc-

51 2577 156 2641 tione:
191 2573 483 2641 intermicante
516 2576 777 2660 asperginum
808 2575 1032 2652 densitate,
1055 2592 1126 2656 per

50 2701 152 2765 quas
167 2681 315 2759 oritur,
330 2681 531 2747 radiorum
547 2680 752 2766 splendorem
770 2679 962 2767 concipiens,
980 2677 1129 2747 ostendit

50 2793 260 2873 aspectum
282 2786 471 2852 flammeo
493 2787 731 2870 propiorem.

153 2905 221 2970 Lib.
243 2904 328 2984 XXl,
347 2906 374 2982 1,
392 2904 425 2967 6:
448 2905 619 2970 decidat
640 2908 771 2970 autem
795 2905 1126 2987 incendebatque

51 3012 141 3077 eins
163 3010 448 3091 cupiditatem,
464 3012 624 3092 pacatis
645 3011 892 3077 iamGalliis
914 3011 1125 3077 incessere

50 3118 161 3182 ultro
188 3115 490 3194 Constantium,
527 3116 756 3182 coniiciens
793 3135 877 3180 enm
914 3135 982 3199 per
1017 3115 1125 3180 vati-

50 3222 217 3290 cinandi
238 3222 437 3304 praesagia
452 3221 594 3298 multa,
611 3239 692 3303 quae
707 3219 906 3298 callebat,
923 3221 1125 3284 etsomnia

52 3329 179 3396 evita
202 3328 390 3412 protinus
413 3345 680 3394 excessurum.
727 3325 922 3389 Emendoso
943 3324 1125 3402 accidat,

51 3453 106 3517 pro
127 3452 187 3518 quo
208 3435 341 3500 editores
359 3433 552 3499 substituunt
573 3431 787 3498 accidebat
809 3433 864 3494 aut
883 3429 1124 3507 accedebat,

51 3542 183 3608 efficitur
204 3542 305 3622 potius
327 3539 473 3606 acuebat
511 3537 577 3619 [Sic
597 3539 660 3603 iam
681 3531 879 3620 Wagnerus.]
916 3534 976 3599 Sed
999 3534 1123 3618 utrique

52 3647 145 3713 verbo
161 3646 325 3726 manifesto
341 3646 429 3713 deest
442 3645 624 3710 subiectum.
668 3643 776 3726 Neque
799 3640 880 3705 enim
896 3639 1035 3704 Iulianus
1055 3640 1123 3722 ipse

54 3754 112 3820 dici
136 3753 241 3835 potest
265 3751 437 3816 incendisse
464 3753 551 3817 eius
579 3749 794 3832 cupiditatsm3
826 3766 864 3811 ne
887 3763 973 3811 snam
996 3745 1122 3827 quidem

54 3859 252 3942 cupiditatem
264 3856 356 3923 homo
369 3858 434 3938 ipse
445 3855 606 3921 incendere
617 3856 688 3937 apte
700 3853 821 3920 dicitur.
844 3849 1006 3917 Eiusmodi
1017 3850 1122 3913 autem

54 3967 223 4032 subiectum
256 3982 322 4029 1111
351 3962 451 4038 debet,
477 3962 526 4026 cni
547 3962 631 4026 recte
653 3959 900 4025 accommodetur
923 3953 1119 4038 participium

54 4071 293 4146 coniiciens;
318 4069 425 4151 opinor
443 4067 552 4132 luisse:
574 4066 755 4132 Acuebat
777 4066 907 4130 autem
929 4059 1123 4126 incende-

870 4179 922 4233 17⁸
