2740 4572
259 201 321 268 m
620 199 910 274 nummumw
1362 233 1363 242 r

219 399 411 483 significatur
433 403 536 470 verbis
557 405 645 470 eius
668 401 772 479 (aciei)
795 400 1012 484 occipitiis
1033 400 1316 484 pertinacius

219 505 382 572 harene.
426 509 493 590 [Sic
513 509 576 576 ium
598 511 660 576 lac
683 506 882 586 Gronovius]
1362 513 1363 516 '

319 645 386 712 Lib.
409 647 507 724 XXV,
536 643 650 727 3,'1s:
685 649 763 714 Nec
791 665 848 713 me
878 650 1087 732 gestorum
1121 647 1314 730 panitet

221 752 291 817 aut
312 756 449 837 gravis
471 754 628 839 flagitii
652 755 885 821 recordatio
907 754 1096 844 stringit,
1120 755 1183 818 vel
1206 772 1311 819 oum·
1362 767 1363 832 Τ

220 857 422 924 inumbra
450 863 490 925 et
518 862 682 946 angulis
705 861 958 938 amandarer,
981 859 1046 925 vel
1064 860 1157 943 post
1180 861 1312 941 prin-

155 957 156 960 ’
222 964 1314 1053 cipatumsusceptumquemtamquamacognatione·
1362 1021 1363 1040 ,

224 1071 402 1136 salitum
428 1072 677 1138 defluentem
700 1071 1079 1151 immaculatum‚ut
1103 1070 1314 1149 existimor

223 1177 463 1242 conservavi
485 1181 542 1243 cet.
591 1179 782 1244 Prooemiuis
805 1195 919 1262 quem
940 1177 1059 1242 nullum
1082 1176 1113 1240 in
1136 1175 1305 1242 codicibus
1362 1157 1363 1202 ¹

222 1283 386 1367 vestigium
422 1285 478 1362 cst,
511 1303 610 1369 neque
642 1303 715 1349 saue
750 1285 951 1368 principatus,
985 1282 1109 1349 etiamsi
1144 1281 1314 1350 divinitus

224 1389 316 1454 datus
337 1389 542 1474 intelligatur,
572 1389 635 1456 ullo
665 1390 756 1455 modo
789 1409 807 1456 a
842 1389 1083 1473 cognatione
1115 1389 1302 1454 caelitum
1362 1399 1363 1406 ’

225 1494 410 1560 defluere
432 1495 492 1561 dici
514 1496 632 1578 potest;
655 1495 718 1561 baec
742 1496 833 1561 verba
854 1492 1029 1560 necessario
1044 1493 1084 1558 ud
1100 1494 1307 1560 Platonicam

225 1601 411 1666 seutentiam
434 1599 473 1666 de
495 1601 589 1666 animi
611 1602 736 1668 humaui
766 1620 836 1668 oum
865 1599 981 1677 divino,
1008 1619 1108 1683 aquo
1130 1601 1310 1682 decerptus

225 1706 275 1780 sit,
307 1706 489 1789 cognatione
520 1708 683 1788 pertinent.
738 1707 847 1791 Itaque
879 1707 925 1772 sie
957 1707 1126 1772 orationem
1158 1705 1304 1772 redinte·
1362 1715 1363 1760 l

225 1811 376 1896 grandem
398 1813 490 1893 puto:
514 1847 554 1859 -
577 1814 759 1898 stringit.
809 1811 883 1877 Vel
912 1831 996 1880 cum
1022 1812 1061 1877 in
1090 1812 1230 1877 umbre
1261 1817 1309 1877 et

226 1916 389 2000 angulis
412 1916 665 1996 amandarer,
695 1920 758 1985 vel
787 1922 879 2001 post
907 1917 1183 2000 principatum
1206 1937 1311 1984 sus·
1362 1923 1363 1932 ’

226 2026 385 2106 ceptum
408 2023 631 2108 <animum>
655 2025 896 2118 tamque-ma
923 2025 1165 2110 cognatione
1186 2023 1306 2090 caeli-

226 2132 310 2197 tum
347 2130 595 2196 defluentem
637 2128 959 2209 immaculatum,
1003 2133 1045 2195 ut
1086 2130 1308 2208 existimo,

159 2225 161 2228 ⁵
228 2236 477 2303 conservavi.
951 2247 953 2249 ·

328 2391 396 2454 bib.
418 2387 529 2467 XXVI,
552 2388 581 2462 6,
599 2387 636 2452 3:
659 2388 764 2453 falso
784 2406 943 2452 rumore
965 2387 1165 2470 disperse,
1188 2388 1308 2454 inter

231 2495 422 2562 abeuntis
466 2493 674 2560 anhelitus
714 2493 852 2558 animae
889 2492 1056 2558 cundem
1096 2492 1301 2560 lulianum
1362 2503 1363 2536 l

229 2620 321 2667 vero
354 2602 580 2678 mandasse,
613 2601 774 2682 placere
810 2599 890 2664 sibi
923 2599 1120 2681 Procopio
1158 2601 1308 2666 clavos

228 2726 385 2786 summae
406 2704 888 2790 reigsrendaecommitti.
919 2704 1219 2786 Vero‚qnodfcrri
1239 2723 1303 2770 non
1362 2711 1363 2776 l

229 2831 318 2894 posse
341 2811 539 2876 manifestum
562 2814 618 2888 ert,
649 2810 703 2875 alii
732 2810 934 2888 sustulerunt,
956 2808 1012 2876 alii
1033 2828 1131 2892 nuper
1153 2807 1185 2874 iu
1207 2829 1306 2876 sero
1362 2841 1363 2866 ι

229 2920 402 3002 mutarunt3
436 2933 544 2980 verum
577 2934 645 2982 sera
677 2933 736 2980 nou
770 2918 836 2981 erat
863 2915 1049 3002 significatio
1070 2915 1248 2992 voluntatis,
1274 2916 1303 2982 si
1362 2897 1363 2986 l

231 3022 413 3090 audiebatur
436 3025 467 3086 st
488 3021 738 3108 intelligebatur;
767 3013 948 3088 brevissima
964 3008 1046 3099 'fuit
1076 3022 1222 3104 quoniam
1250 3023 1304 3088 vir

230 3127 317 3213 loqui
339 3128 471 3194 moriens
493 3128 658 3210 imperator
673 3130 800 3210 poterat.
830 3129 1033 3194 Scribendum
1047 3129 1145 3212 igitur
1159 3127 1307 3194 videturu

231 3234 435 3320 lulianum
456 3233 557 3300 verbo
579 3233 798 3300 mandasse.

333 3375 413 3442 Ibid.
436 3375 526 3459 §152
549 3375 592 3440 ut
612 3376 650 3440 in
674 3374 875 3441 theatrali
897 3393 1016 3442 scena
1037 3372 1304 3440 simulacrum
1362 3433 1363 3449 ,

232 3482 430 3566 quoddam
453 3482 617 3564 insigne
647 3499 714 3564 par·
739 3481 904 3546 aulaeum
928 3480 992 3546 vel
1014 3477 1213 3546 mimicam
1236 3496 1299 3543 ca·

233 3586 496 3654 villatiouem
531 3585 669 3652 subito
705 3588 870 3668 putares
907 3604 1110 3653 emersum.
1169 3582 1304 3650 Mirifice
1362 3581 1363 3658 j

234 3691 432 3760 simulccmm
464 3711 519 3775 per
547 3679 795 3770 cavillationem
819 3710 888 3775 quae
916 3690 947 3758 in
981 3685 1083 3757 verbis
1110 3689 1213 3772 posita
1241 3695 1297 3764 est,

233 3817 385 3864 emersum
409 3797 523 3862 dicitur
553 3799 585 3864 et
613 3800 772 3880 tamquam
801 3797 888 3879 paria
917 3797 1143 3882 coniunguntur
1168 3795 1303 3862 aulaeum
1362 3837 1363 3884 p

234 3910 265 3970 et
294 3903 459 3990 cavillatio.
517 3903 553 3970 lu
588 3903 742 3970 codicibus
778 3902 915 3986 antiquis
951 3903 1109 3970 scribitur:
1138 3900 1200 3966 vel
1230 3903 1300 3966 mi·

189 3993 191 3998 ἵ
237 4011 337 4076 ciam
360 4009 680 4076 cavillationem.
736 4009 853 4094 Opiuer
874 4010 1014 4075 subesse:
1046 4026 1114 4091 per
1135 4006 1303 4073 aulaeum
