2712 4576
262 229 320 290 132
623 224 684 280 Lib.
703 224 739 280 IL
759 225 824 294 (lap.
843 223 879 278 11.

218 425 378 504 tabant,
400 425 545 507 quibus
574 425 694 489 rebus
723 423 835 488 certe
865 421 947 504 ipsi
976 418 1300 486 candidatorum

218 529 356 596 vultus
388 528 598 596 obscurior
630 529 666 594 ei
696 527 826 595 videri
854 528 972 594 solet.
1016 522 1302 608 Interpolationem
1347 545 1348 624 p

219 637 310 702 huius
342 637 402 703 loci
435 638 506 701 ante
539 635 656 702 multos
685 653 782 700 anuos
810 633 943 718 coargui.
990 633 1119 699 Remoto
1141 629 1302 694 vocabulo

220 743 374 821 vultus,
398 743 485 810 cuius
509 741 632 808 nullum
655 745 702 808 est
717 740 750 806 in
767 738 923 807 codicibus
939 740 1115 823 vestigium,
1132 735 1300 821 queritur,

220 849 479 934 quemadmodum
503 867 539 914 ex
560 847 689 931 reliquis
711 847 782 930 apte
804 846 956 912 efficiatur
977 864 1013 911 es
1033 843 1198 922 sententia,
1221 860 1303 924 quae

220 958 325 1037 aperte
359 957 472 1033 subest,
502 973 553 1020 eas
579 972 684 1020 omnes
713 971 771 1030 res,
802 971 878 1037 quas
900 952 1005 1018 Cicero
1028 950 1209 1029 nominavit,
1245 951 1301 1012 in-

222 1061 302 1127 dicia
333 1079 399 1127 esse
432 1061 499 1143 spei
532 1062 570 1124 de
602 1077 743 1126 successu
771 1059 932 1141 petitionis
953 1057 1126 1123 imminutae
1147 1075 1184 1122 ac
1205 1075 1303 1139 paene

99 1189 100 1192 ¹
144 1219 149 1228 .
221 1167 351 1242 amissas,
375 1170 407 1233 et
427 1166 580 1232 efficiatur
608 1165 811 1249 cumaliqno
842 1163 946 1248 lepore
968 1183 1003 1231 ac
1025 1165 1189 1231 verborum
1212 1163 1301 1248 lusu.

223 1275 260 1340 ln
280 1293 315 1340 ea
345 1271 583 1356 investigatione
612 1290 702 1337 nemo
731 1257 887 1347 attendit(
909 1289 1002 1354 qnam
1030 1287 1301 1352 supervacaneum

224 1384 256 1445 et
276 1399 368 1463 prave
389 1377 525 1461 positum
548 1379 590 1443 sit
612 1377 791 1443 adverbium
813 1378 939 1450 certe,
972 1377 1061 1460 qnasi
1085 1378 1196 1459 prater
1218 1376 1302 1441 alias

223 1505 271 1552 res
293 1505 353 1551 nna
375 1484 488 1550 saltem
510 1483 714 1549 animadverti
737 1484 867 1550 dicatur.
922 1483 984 1548 Sed
1017 1483 1048 1548 in
1082 1482 1148 1547 illis
1181 1483 1302 1547 litteris

222 1591 299 1658 latet
331 1591 432 1674 ipsum
465 1590 544 1655 illud
578 1608 698 1669 nomeu,
732 1590 812 1672 qnod
840 1588 996 1672 quaritur.
1026 1608 1044 1653 a
1073 1608 1133 1672 qno
1161 1591 1303 1670 pendeat

223 1699 384 1782 genetivus
413 1687 736 1774 candidatorum,
767 1715 924 1760 romeam
946 1695 1113 1778 appellans,
1147 1715 1215 1779 qnae
1241 1697 1301 1762 nb-

224 1804 341 1869 scurari
362 1803 511 1868 videatur.
555 1802 727 1884 Scripserat
748 1802 831 1867 euim
852 1800 972 1867 Cicero:
1004 1801 1151 1884 quibus
1173 1801 1302 1866 rebus

224 1904 1302 1994 cretaipsaecandidatorumobscurioresviderisolent

223 2016 281 2092 (sic
296 2034 348 2098 pro
364 2015 577 2081 obscurior
597 2013 634 2079 ei
656 2015 688 2079 et
710 2014 816 2080 solet
831 2015 1003 2098 complures
1018 2013 1162 2091 codices).
1187 2014 1301 2079 locans

224 2121 329 2188 Cicero
350 2121 577 2205 desperantium
601 2119 836 2186 candidatorum
858 2121 943 2203 ipsas
968 2125 1054 2204 togas
1076 2117 1224 2185 candidas
1242 2121 1300 2186 ob-

225 2230 340 2296 scurari
362 2227 524 2313 significat,
547 2246 602 2311 pro
624 2225 704 2310 togis
728 2228 863 2292 cretas
886 2226 1055 2303 nominans
1072 2225 1185 2308 quibus
1200 2225 1298 2295 infici.

224 2339 259 2403 ut
273 2337 352 2403 albae
364 2337 507 2414 niterent
522 2335 671 2400 solebant.
694 2332 745 2397 Ad
757 2351 849 2415 quam
862 2351 926 2398 rern
937 2333 1083 2415 pertinet,
1093 2331 1176 2415 quod
1188 2332 1301 2398 Livius

119 2507 124 2512 .
224 2443 276 2518 IV,
292 2444 331 2506 25
347 2444 471 2525 antiquo
485 2441 624 2522 tempore
639 2438 793 2506 sancitum
812 2440 925 2517 narrat,
948 2458 992 2503 ne
1015 2439 1079 2505 cui
1101 2438 1234 2503 album
1260 2439 1299 2503 iu

224 2548 512 2615 vestimentum
545 2545 692 2610 addere
724 2543 946 2628 petitionis
974 2543 1125 2609 liceret
1157 2563 1298 2610 causa.

223 2656 256 2719 ei
284 2652 367 2736 apud
396 2654 534 2718 Persium
556 2651 594 2725 V,
628 2651 687 2712 177
718 2655 882 2718 cretatae
914 2650 1090 2716 ambitionis
1118 2651 1234 2716 mentio
1268 2655 1301 2718 et

154 2843 157 2847 ἢ
225 2759 308 2842 apud
328 2759 428 2840 ipsum
451 2747 638 2835 Ciceronem,
663 2775 730 2840 quae
753 2777 806 2839 pro
822 2757 927 2822 Pleno.
943 2757 983 2820 85
999 2756 1145 2822 dicuutm
1166 2756 1204 2822 de
1219 2759 1300 2834 ioco,

225 2864 279 2947 qni
300 2880 336 2928 ex
357 2862 454 2927 Cretae
477 2864 601 2929 nomine
617 2863 690 2928 duci
704 2865 848 2945 potnerit.
878 2864 975 2954 Video
991 2864 1093 2946 leopin
1108 2864 1141 2928 in
1155 2865 1295 2930 montem

225 2975 354 3048 venisse,
383 2969 498 3051 requiri
524 2970 762 3048 substantivum,
792 2968 875 3053 quod
902 2968 1008 3035 album
1037 2969 1168 3036 colorem
1198 2971 1298 3056 sigui·

225 3076 348 3153 ficaret;
385 3074 440 3140 sed
473 3077 504 3140 id
539 3077 619 3160 qnod
653 3071 736 3143 esset
768 3079 799 3142 et
834 3075 886 3141 ubi
922 3074 1042 3149 lateret,
1076 3095 1135 3142 nou
1166 3077 1298 3144 invenit.

188 3271 190 3274 Ι
225 3181 394 3260 (Candor
415 3181 548 3249 hominis
571 3183 609 3248 de
632 3181 701 3248 albo
724 3182 824 3247 coloro
845 3199 904 3246 non
927 3181 1065 3259 dicitur.)

125 3389 126 3392 Ἴ
325 3300 404 3368 Ibid.
428 3301 478 3381 71,
502 3300 555 3366 ubi
576 3300 683 3366 Cicero
706 3299 830 3381 exponit
851 3298 993 3374 homines¹
1016 3301 1125 3367 tenues
1148 3300 1186 3365 de
1207 3302 1297 3383 plebe

226 3409 303 3474 nihil
325 3409 448 3487 habere,
473 3408 554 3491 qnod
576 3406 751 3472 hominibus
781 3404 935 3472 nobilibus
964 3407 1166 3491 magistratus
1187 3410 1296 3489 peten-

225 3514 309 3579 tibus
331 3516 476 3597 praestare
490 3513 621 3597 possint,
638 3515 749 3595 prater
765 3510 900 3577 officinm
916 3511 1084 3579 comitandi
1098 3512 1296 3598 similemque

227 3636 360 3702 operam,
383 3620 484 3695 verba,
508 3619 631 3703 quaet
659 3619 732 3684 olim
757 3621 789 3683 et
808 3636 906 3702 nuper
927 3615 1098 3684 editoribus
1121 3619 1294 3686 molestiam

226 3725 456 3806 facessivemnt
486 3744 634 3809 perquam
662 3726 755 3790 tenue
786 3723 931 3790 mendum
961 3725 1130 3803 traxerunt,
1161 3725 1293 3811 alioquin

227 3851 351 3914 prorsus
370 3851 460 3898 sana:
482 3831 523 3896 Si
545 3830 650 3898 nihil
675 3830 755 3896 erit
775 3836 922 3914 prater
943 3831 1294 3914 ipsorum(siccodd.

227 3937 447 4022 longeplnres
463 3956 523 4003 nou
546 3944 690 4015 eornm)
713 3937 975 4022 suffragium,
991 3939 1111 4003 tenue
1127 3940 1208 4014 est;
1230 3938 1294 4005 sive

228 4043 329 4122 (codd.
352 4045 395 4110 si
415 4046 470 4121 ut)
499 4035 801 4126 suffragantur,
834 4043 941 4110 nibil
973 4044 1114 4111 valent
1145 4047 1294 4128 gratim
