2712 4576
426 224 565 282 Ciceronis
584 224 718 296 epistolae.
1005 224 1065 289 189

131 419 215 485 Ibid.
239 420 290 499 24,
311 422 350 486 4:
380 421 444 488 Ita
476 427 545 489 unt
576 420 684 487 nihil
711 423 807 506 puto
837 440 922 488 eum
943 421 1106 501 habere,

35 525 135 608 quod
158 527 278 608 putet
298 527 344 592 ad
365 546 423 593 me
444 528 624 595 celerius
645 529 946 612 perierandum,
974 529 1043 595 aut
1063 547 1107 596 eo

33 651 87 697 me
121 633 254 716 mugio
286 652 375 698 esse
408 632 660 718 despectum,
694 637 737 701 nt
768 680 935 699 ......
968 635 1016 700 ud
1050 653 1108 701 me

35 738 191 804 referre
212 758 288 804 non
310 740 432 806 curet.
477 740 607 806 Prorsus
622 740 759 807 alienum
774 740 823 807 est
843 740 1107 824 magis(-po·
1203 747 1208 758 '

35 847 116 910 terat
139 844 203 912 dici
225 864 267 911 eo
289 865 414 930 usqne
435 853 505 926 -);
537 847 732 913 scribendum
753 846 891 912 videtur:
925 845 994 912 aut
1025 845 1107 912 adeo

33 970 88 1015 me
110 951 231 1034 <iu>
253 951 345 1020 malis
367 971 455 1019 osse
476 953 722 1036 despectum.
1151 939 1154 944 ’

133 1057 301 1139 Ibid.XIl,
317 1059 419 1138 iim:
442 1057 632 1125 Ciceroni
654 1061 773 1126 velim
795 1058 867 1125 hoo
888 1073 1106 1142 proponas,

34 1164 89 1229 ita
117 1167 269 1244 tamen,
303 1165 336 1230 si
367 1164 447 1231 tibi
479 1184 552 1231 non
585 1165 768 1250 iniquum
801 1161 1030 1243 ridebitur,
1064 1161 1107 1227 nt

33 1269 1106 1356 sumptushuiusperegrinationis‚quibus,siRomae

35 1378 144 1441 esset
166 1375 405 1461 domumque
429 1377 695 1453 conduceret,
718 1376 822 1461 qnod
843 1377 977 1443 facere
1000 1375 1107 1461 cogi·

34 1483 165 1562 tabat,
199 1483 324 1549 facile
360 1486 579 1550 contentus
616 1485 780 1550 iuturus
816 1486 919 1561 erat,
957 1499 1106 1549 nocom-

35 1590 168 1656 modet
207 1590 252 1655 ad
287 1590 494 1656 mercedes
529 1591 713 1676 Argileti
746 1593 785 1655 et
819 1589 1031 1668 Aventini,
1068 1593 1107 1655 et

35 1713 116 1759 oum
141 1694 176 1759 ei
199 1696 581 1780 proposueris,ipse
599 1694 895 1780 velimreliqua
911 1695 1106 1762 moderere

8 1804 88 1867 cet.
140 1802 208 1882 Quo
241 1805 366 1869 tandem
402 1803 491 1869 modo
524 1802 631 1868 Cicero
663 1803 757 1882 filius,
790 1802 818 1868 si
840 1803 946 1868 Rome
969 1805 1107 1870 maneret

7 1893 9 1920 ²
36 1908 219 1992 domumque
252 1909 445 1990 conduceret,
484 1911 607 1992 poterat
638 1910 798 1976 contentus
832 1928 899 1976 esse
932 1909 1107 1993 sumptibus

35 2014 298 2099 peregrinationis,
320 2016 373 2099 qui
394 2016 461 2081 tum
477 2017 556 2082 nulli
571 2015 669 2081 futuri
683 2019 794 2082 erant?
817 2015 1106 2080 Manifestissimum

7 2124 81 2190 test
112 2119 291 2188 Ciceronem
324 2125 465 2207 sumptus
497 2124 754 2209 peregrinationis
789 2121 847 2187 lilii
878 2121 1105 2186 accommodari

6 2219 8 2256 ³
38 2227 112 2292 velle
136 2227 176 2291 ad
198 2227 337 2312 regulam
360 2229 498 2314 aliquam
521 2232 553 2294 et
573 2248 760 2308 mensnram,
788 2246 850 2312 qua
871 2229 1034 2293 contentus
1057 2227 1107 2291 iu·

6 2327 7 2372 ³
36 2335 120 2399 turus
141 2334 235 2414 esset,
258 2335 285 2399 si
308 2334 414 2400 Romae
444 2337 585 2402 moneret
612 2355 666 2402 nec
688 2335 943 2420 peregrinaretur.
997 2334 1106 2415 Itaque

6 2413 7 2489 ἷ
36 2438 81 2505 hio
94 2441 133 2504 nt
147 2439 226 2505 alibi
240 2442 397 2507 interdum
413 2441 611 2525 transpositio
627 2442 710 2510 iacta
731 2441 780 2508 est
800 2440 923 2525 aliquot
942 2439 1106 2506 verborum

36 2545 168 2626 primum
191 2565 291 2612 erroro
314 2547 510 2625 omissorum,
541 2546 653 2614 deinde
681 2547 780 2613 alieno
812 2546 879 2612 loco
907 2546 1105 2612 insertorum.

6 2705 7 2708 ,
37 2651 137 2718 dicero
153 2652 237 2718 onim
255 2653 433 2736 scripserat:
455 2657 499 2720 nt
520 2654 705 2736 sumptus
726 2653 846 2718 huius
867 2651 1105 2738 peregrina·

37 2758 162 2824 tionis
206 2760 479 2826 accommodet
522 2759 569 2825 ad
608 2760 813 2826 mercedes
849 2759 1032 2844 Argileti
1066 2762 1105 2824 et

36 2863 246 2944 Aventini,
284 2866 447 2949 quibus,
491 2867 524 2931 si
560 2867 687 2933 Romae
724 2866 834 2934 esset
870 2869 1105 2950 domumque

36 2971 293 3050 conduceret,
317 2973 419 3056 quod
440 2972 575 3038 facere
603 2974 831 3058 cogitabat,
861 2975 987 3040 facile
1010 2993 1104 3040 con-

36 3078 172 3143 tentus
193 3078 357 3144 futurus
382 3081 485 3156 erat,
509 3081 547 3144 et
571 3097 654 3145 oum
677 3080 713 3145 ei
735 3080 1001 3163 proposueris
1023 3081 1081 3145 cet.

131 3194 277 3272 Ibidlo,
294 3197 328 3261 4:
348 3196 442 3261 Nam
466 3197 567 3280 quod
590 3198 636 3262 ud
657 3216 714 3262 me
736 3197 781 3262 de
803 3197 976 3262 Lentulo
999 3198 1104 3290 sori·

35 3300 110 3380 bis,
140 3319 215 3366 nou
246 3305 307 3369 est
328 3303 368 3368 in
391 3322 443 3369 eo.
498 3302 660 3369 Postrema
680 3301 746 3368 haec
764 3303 857 3368 verba
878 3321 938 3367 non
960 3302 1103 3368 videntur

36 3406 166 3493 intelligi
188 3426 287 3492 posse.
315 3407 318 3412 ’
337 3410 544 3492 Aptissimum
573 3409 667 3475 etad
689 3409 877 3475 sententiam
900 3410 931 3474 et
952 3408 993 3474 ad
1014 3407 1100 3473 litte-

35 3532 133 3579 rarnm
156 3515 289 3599 vestigia
310 3517 375 3582 est:
399 3535 473 3582 non
495 3514 676 3583 extimesco.

131 3621 284 3703 ibides,
308 3623 344 3688 1:
370 3622 476 3688 scios
498 3624 591 3687 ante
613 3623 838 3706 utrumque.
862 3621 971 3701 Quod
994 3621 1100 3686 scies

36 3727 141 3792 recto
162 3725 277 3792 illam
298 3747 378 3794 rem
401 3730 484 3794 fore
507 3729 737 3795 levamento
768 3729 866 3794 bene
889 3727 992 3794 lacis
1015 3747 1098 3792 cum

36 3830 71 3895 id
99 3852 204 3913 esse,
226 3833 326 3900 mihi
349 3835 482 3912 orode,
515 3834 699 3918 perinde,
733 3835 778 3899 ut
799 3833 1035 3900 existimare
1058 3835 1100 3897 tu

6 4021 7 4034 ἵ
37 3957 104 4003 non
126 3944 251 4023 potes.
274 3941 472 4024 Ineptissime
499 3941 643 4026 coniungi
665 3942 766 4025 quod
790 3943 894 4007 scies
917 3986 976 4020 ...,
1001 3940 1099 4004 bene

36 4045 132 4112 iacis
153 4047 301 4132 apparet,
334 4050 398 4114 sive
421 4049 507 4115 verbi
530 4051 634 4114 scies
656 4046 915 4132 significationem
938 4047 1002 4113 siue
1017 4048 1098 4110 terrr-
