2728 4582
516 271 679 328 Herodotus.
1050 273 1090 336 23

14 483 20 500 ·
62 475 220 554 tamquam
253 469 372 540 indices
401 470 557 536 sententia
578 469 756 554 interposita
784 469 842 547 hoo
871 470 939 536 fieri
965 471 1131 548 inssemnt,
1213 453 1216 460 ⁴

62 575 117 640 sed
153 561 372 660 persuasemnt
403 577 528 662 regibus
560 577 723 644 Medorum
757 582 789 643 et
821 575 986 660 Lydorum,
1018 577 1055 642 ut
1086 576 1133 642 iia

64 684 209 758 lacerent,
232 683 291 750 hoo
313 686 361 750 est
382 685 453 765 (usn
475 683 620 766 loquendi
646 683 822 750 Herodoteo
845 684 877 748 et
899 681 1131 764 Hippocratae),

64 789 312 879 σ’νεήνωσαν.
358 790 486 856 Littera
508 816 552 856 αν
574 790 753 857 exciderunt
775 791 845 872 post
866 814 919 874 ορ.

164 932 245 997 ibid.
268 931 322 994 78:
349 928 472 998 ου’τίκω
496 932 530 999 δὲ
553 940 688 1016 ἔπεμπε
712 933 885 1015 (Κροῖσος)
908 925 1134 1016 θεοπρόπους

58 1046 97 1111 ἐς
130 1039 200 1104 τῶν
232 1044 415 1125 ἐξηγητέων
455 1041 688 1125 Ἰσλμησσέων.
745 1038 816 1104 Νου
850 1039 949 1104 solum
982 1037 1132 1103 articulus

63 1165 155 1228 prave
179 1147 309 1212 omissus
331 1147 403 1212 ante
431 1148 656 1231 Τελμησσέων
677 1145 824 1210 mendum
845 1143 959 1229 arguit,
988 1142 1044 1208 sed
1065 1143 1132 1224 ipse

63 1252 227 1336 genetivus
241 1252 313 1319 ferri
337 1253 423 1318 nullo
445 1254 536 1318 modo
557 1254 674 1336 potest;
697 1254 788 1336 longe
810 1251 894 1317 enim
915 1252 1005 1318 aliter
1020 1250 1133 1316 dicitur

65 1369 97 1432 ἐς
121 1353 333 1426 διδασκάλων
356 1361 479 1443 φοιτᾶν
497 1363 528 1424 et
543 1358 658 1424 similia
672 1359 709 1422 de
723 1360 773 1430 iis.
787 1360 840 1442 qui
855 1358 981 1424 domum
995 1357 1133 1439 aliquam

62 1469 192 1538 intrant,
246 1467 367 1532 Excidit
399 1467 626 1532 substantivum
654 1471 708 1531 aut
736 1463 902 1548 collegium
923 1465 1078 1547 publicum
1101 1465 1133 1528 et

62 1575 203 1641 ordinem
226 1576 333 1638 vatum
355 1573 388 1638 et
409 1574 611 1654 interpretum
634 1573 688 1637 aut
709 1571 917 1656 congregandi
938 1571 1042 1636 locum
1068 1569 1132 1653 sig·

4 1661 6 1710 i
63 1681 201 1745 nifieans.
251 1680 392 1744 Fortasse
414 1680 562 1761 scriptum
584 1678 700 1744 iuerat:
734 1684 767 1750 ee
789 1679 857 1744 τών
880 1683 1064 1764 ἐξηγητέων
1085 1673 1130 1743 τό

4 1795 5 1860 l
63 1789 185 1859 τέλος
205 1787 286 1850 νων
314 1789 546 1870 Τελμησσέων.
1215 1773 1218 1778 ¹

166 1926 243 1991 lbid.
266 1926 306 1990 86
328 1927 373 2004 (in
396 1926 491 1992 (lroesi
506 1944 578 2009 rogo
596 1923 734 2008 impositi
747 1926 921 1991 narratione
937 1924 974 1990 de
990 1923 1132 2006 SoloueJ:

65 2039 158 2122 ἔλεγε
186 2029 228 2120 δή
259 2028 303 2108 ως
334 2025 423 2118 ἦλθε
450 2026 556 2120 α’ρχην
579 2026 598 2098 o‘
621 2025 738 2098 Σόλων
760 2026 825 2098 ἔων
849 2025 1053 2120 Ἀθηναῖος,
1077 2033 1131 2099 acl

64 2135 286 2226 θεησάμενος
302 2134 415 2206 odora
438 2136 499 2207 ado
521 2139 646 2207 ἑωυτοῦ
671 2135 778 2225 ὄλβον
792 2133 1059 2227 α’ποφλωυρίσειε
1077 2136 1131 2206 οἷα

3 2275 4 2282 “
66 2249 108 2333 δη
143 2251 253 2322 εἴποις,
286 2244 331 2322 ὥς
363 2273 398 2314 τε
432 2240 523 2332 adoro
558 2241 670 2314 πάντα
699 2240 897 2333 ἀποβέβηκέ
928 2253 961 2313 οἱ
991 2248 1033 2336 τῇ
1066 2271 1131 2332 περ

3 2397 4 2454 η
65 2353 422 2428 insimulasset.
454 2355 584 2420 Prorsus
604 2353 742 2437 ineptum
766 2357 815 2421 esl
835 2351 889 2420 οἷο
912 2349 954 2437 δή
972 2352 1134 2436 participio

65 2460 265 2547 praepositum
295 2463 433 2544 („utpote
463 2462 515 2544 qui
548 2461 683 2538 dixisset,
713 2460 801 2544 quasi
833 2461 1002 2540 dixisses),
1034 2477 1133 2542 oeque

64 2573 177 2636 melius
200 2565 224 2635 ei
246 2564 297 2652 δή.
347 2567 564 2634 scribendum:
594 2563 638 2641 uic
660 2616 669 2634 .
691 2616 699 2631 .
722 2614 731 2632 .
756 2617 763 2634 .
786 2560 901 2633 πάντα
924 2561 987 2635 τόν
1007 2565 1135 2634 ἑωυτοῦ
1243 2577 1246 2584 ’
1358 2569 1359 2578 ’

62 2675 174 2760 ὄλβον
188 2673 468 2760 α’ποφλαυρίσειε,
484 2671 537 2740 οἷσί
554 2701 597 2740 τε
620 2676 731 2750 εἴπας,
748 2670 791 2749 ὥς
807 2702 843 2742 τε
860 2701 888 2741 κ.
901 2702 929 2741 s.
947 2677 988 2752 λυ
1006 2692 1134 2758 „quem-

64 2782 234 2848 admodum
256 2781 492 2864 contempsisset
513 2801 632 2865 quaque
653 2781 819 2848 oratione“.

169 2921 249 2987 ibid.
264 2921 324 2986 132
340 2921 392 2997 (de
407 2920 470 2986 ritu
483 2922 675 2990 sacrificandi
690 2922 773 3006 apud
788 2923 927 3000 Persas):
950 2923 1132 2996 διαθέντος

64 3031 99 3096 δὲ
133 3026 241 3095 adcor}
274 3023 324 3105 (ric
355 3021 449 3106 cisa)
480 3023 603 3117 Μάγος
634 3023 721 3115 α’νήρ
755 3024 948 3114 mopscrenis
981 3029 1130 3096 ἐπαείδει

67 3138 268 3224 θεογονίην,
291 3142 367 3222 οἴην
389 3131 431 3220 δή
455 3141 576 3204 ἐκεῖνον
600 3139 731 3224 λέγουσι
754 3137 842 3204 εἶναι
865 3132 929 3219 την
955 3129 1132 3220 ἐπαοιδήν.

67 3246 136 3308 lure
171 3243 240 3326 quis
271 3243 415 3320 miretur,
456 3261 509 3308 our
541 3244 573 3308 in
606 3243 739 3328 singulis
774 3244 933 3312 sacrifieiis
965 3241 1132 3329 daoyom'a

61 3351 263 3424 decantetur,
305 3367 374 3414 oum
415 3351 584 3432 praesertim
621 3351 702 3432 apud
734 3351 844 3416 Persas
885 3350 970 3416 nulla
1005 3349 1131 3414 omnino

66 3459 170 3530 luerit,
191 3456 315 3540 qualem
331 3455 431 3520 Graeoi
451 3456 669 3540 intelligebant
684 3458 717 3521 et
728 3457 937 3539 appellabant,
954 3455 1131 3543 θεογονία.

67 3563 128 3629 Sed
151 3562 345 3628 manifestius
365 3562 512 3627 mendum
532 3565 705 3647 coarguunt
725 3581 771 3644 ea,
793 3582 862 3646 quae
877 3568 1046 3647 sequuntur
1059 3561 1131 3628 inde

64 3672 105 3737 ab
128 3677 207 3756 οἴην
228 3664 279 3754 δή,
302 3687 370 3752 quae
392 3669 485 3734 verba
506 3669 700 3751 apertissime
721 3671 898 3753 significant
918 3671 1012 3737 saeris
1033 3671 1131 3736 aesini

64 3771 214 3865 ἐπῳδήν,
237 3779 336 3861 qpalis
358 3777 483 3858 quidem
506 3777 588 3858 apud
612 3779 721 3844 Persas
743 3781 775 3842 in
797 3797 855 3843 usn
877 3777 929 3850 sit,
943 3775 990 3840 iia
1003 3783 1039 3841 ut
1053 3773 1132 3840 nihil

68 3885 242 3950 Herodotus
263 3886 301 3949 de
323 3885 388 3949 eius
409 3882 541 3948 formula
561 3886 616 3949 aut
637 3886 820 3968 argumento
843 3883 991 3958 affirmet;
1023 3883 1130 3965 itaque
1157 3923 1165 3940 ·

69 3991 243 4056 Herodotus
267 3991 446 4074 scripserat:
483 3985 601 4077 Μάγος
633 3985 721 4078 ω’νήρ
754 3985 949 4077 respausatio-
978 3987 1129 4055 ἐπαείδει

66 4105 215 4172 θεοῖς,
248 4105 325 4182 οἴην
356 4096 398 4183 δη
432 4104 552 4166 ἐκεῖνον
586 4102 718 4188 λέγουσι
748 4100 836 4168 εἶναι
865 4091 930 4183 την
951 4089 1130 4180 ἐπαοιδήν.
