2712 4576
433 189 572 246 Ciceronis
591 189 738 247 orationes.
1020 191 1080 254 143

40 386 1122 472 inisset,cumquc...accepisset,cumquc....uide·

7 518 12 545 =
41 493 197 557 buntur
220 495 300 572 cut),
329 494 382 558 sed
405 492 500 558 stiam
530 496 654 576 proptor
681 512 784 559 rorum
815 492 1121 572 dissimilitudinum

8 585 9 596 ’
41 617 111 662 nam
137 597 172 662 in
199 599 407 680 superioribus
430 598 467 664 dc
489 618 549 664 uno
572 599 722 664 adventus
738 599 921 666 Brundisini
938 601 987 668 dio
1008 600 1121 686 agitur,

42 705 88 770 bic
112 709 149 770 et
171 706 205 769 in
228 703 276 783 iis,
300 724 367 788 quae
389 708 569 788 sequuntur,
599 705 637 772 dc
666 704 777 772 itinero
796 725 853 789 pcr
874 705 998 772 Italiam
1020 711 1052 773 ct
1073 709 1119 773 in·

8 840 12 895 '.
41 813 140 878 troitu
173 813 207 876 in
236 813 361 888 urbom;
395 832 462 895 quae
490 813 597 878 contra
625 812 790 896 soypertus
814 811 994 894 disputavit,
1017 815 1120 880 inania

8 904 13 1025 t
42 923 124 984 sunt.
185 918 246 982 Sed
276 917 358 1001 quod
385 937 550 1001 cumque
577 918 760 1002 simplicitur
789 917 972 996 dolerenam,
999 919 1118 986 nullam

8 1040 12 1075 ¹
43 1025 298 1105 probabilitatem
334 1043 370 1090 ca
405 1025 552 1092 correctio
589 1025 731 1090 babebat.
797 1025 998 1090 Scribonium
1035 1027 1117 1092 erut:

44 1132 175 1199 tuuotae
217 1131 374 1208 itincre
399 1134 501 1210 „toto
537 1131 655 1196 urbes
691 1131 828 1196 Italico
864 1132 995 1197 festos
1032 1131 1118 1198 dies

44 1257 164 1322 agero
189 1239 387 1315 adventus
409 1238 485 1302 mei
508 1237 762 1304 videbantur.

144 1379 224 1445 ibid.
249 1379 326 1444 133:
355 1377 488 1444 il'icsc
511 1378 674 1444 siccum
697 1377 865 1443 inimico
888 1396 970 1443 mcc
993 1396 1114 1462 copu-

8 1424 14 1599 ,
46 1485 170 1564 larat,
203 1487 246 1550 ut
273 1485 392 1550 illins
421 1504 511 1550 mesu
541 1484 882 1566 proscriptionis,
910 1504 1025 1567 quam
1046 1483 1115 1550 ad-

9 1604 14 1671 p
48 1593 233 1670 iuvabat,
268 1591 348 1659 Sex.
382 1591 565 1668 Clodius,
599 1592 711 1656 humo
743 1590 796 1655 iis
830 1591 1115 1674 dignissimus,

49 1699 283 1781 quibuscum
307 1698 428 1778 vivit,
451 1698 678 1763 toambuam
705 1715 840 1762 csscsc
873 1698 1115 1780 scriptorem

49 1824 132 1870 csse
156 1803 324 1870 diceret.
368 1804 419 1868 Sic
440 1804 472 1867 in
493 1803 677 1869 Pseribitur
694 1804 849 1868 mendose.
893 1803 981 1884 Quod
996 1803 1115 1870 editur:

48 1910 153 1974 ilium
170 1909 1114 1994 mcaeproscriptionis....tabulam,scsescrip-

6 2056 8 2062 .
49 2023 171 2082 torem
193 2019 252 2083 cet.
280 2015 408 2093 (iilum
433 2034 450 2080 e
472 2015 647 2081 coniectura
668 2015 816 2100 Naugerii
838 2020 870 2082 ot
891 2017 1005 2083 scholio
1029 2019 1114 2097 Bob.‚

6 2129 7 2133 ’
48 2123 226 2189 tabulam
241 2141 277 2188 cx
288 2122 506 2189 recentioribus
518 2121 699 2201 codicibus),
710 2120 908 2188 manifestum
921 2125 978 2202 cst,
990 2141 1028 2186 ne
1041 2124 1113 2206 quid

50 2229 144 2295 dicam
169 2229 207 2294 du
229 2229 348 2295 iliius
371 2229 402 2294 in
424 2229 543 2294 iilum
565 2230 697 2304 mutato,
714 2227 781 2293 Sex.
797 2227 948 2305 Clodium,
965 2245 1035 2293 cum
1050 2227 1114 2292 Va·

6 2381 7 2384 ,
49 2337 155 2400 tinium
172 2336 232 2402 sibi
242 2335 275 2400 in
288 2335 433 2402 Cicerone
448 2335 664 2417 proscribendo
679 2336 796 2400 socium
809 2333 903 2398 fuisso
915 2331 1112 2416 significaret,

51 2462 103 2507 non
135 2443 273 2527 potuisse
302 2441 361 2507 sibi
389 2459 524 2524 personae
556 2442 812 2524 (scriptoris),
840 2439 888 2505 iili
916 2439 1114 2504 instrumenti

9 2558 15 2672 1
51 2548 134 2631 culpa
148 2548 286 2614 vacantis
308 2549 411 2630 partes
431 2549 578 2614 tribucre.
611 2549 657 2614 Ex
679 2567 714 2615 co
736 2549 813 2630 ipso,
830 2544 911 2631 quod
925 2545 957 2610 iu
973 2543 1114 2610 codicum

10 2672 14 2733 ζ
50 2656 197 2737 scriptura
218 2655 304 2720 nulio
327 2653 503 2738 pronomine
525 2654 671 2720 Vatinius
693 2653 884 2738 significatur
902 2653 957 2717 uut
972 2671 991 2717 a
1005 2649 1113 2716 Clodio

52 2763 213 2844 suparatur,
241 2762 368 2844 apparet
394 2761 555 2844 utriusque
584 2761 616 2825 in
642 2780 675 2825 rc
706 2760 827 2844 agenda
847 2762 951 2842 partos
973 2775 1113 2824 commu·

9 2870 14 2931 ἵ
51 2867 123 2931 niter
146 2867 382 2948 comprehensas
405 2868 509 2946 tuisse,
530 2867 682 2950 idemque
704 2867 818 2932 codicis
840 2864 1058 2948 antiquissimi,
1082 2865 1114 2927 ct

8 2940 14 3085 ι
51 2972 95 3036 cui
127 2972 188 3038 soli
220 2973 296 3039 fides
330 2974 466 3051 debetur,
500 2974 631 3057 vestigia
663 2973 846 3050 monstrant,
876 2990 893 3036 c
921 2971 1032 3055 quibus
1054 2969 1113 3034 hoc

7 3104 12 3197 j
50 3079 176 3145 cruitur:
199 3079 320 3145 iilius
342 3099 432 3144 meae
453 3079 777 3162 proscriptionis
800 3123 807 3140 .
830 3123 838 3139 .
925 3123 932 3140 .
956 3123 963 3138 .
987 3122 995 3138 .
1019 3073 1113 3142 ambo

7 3210 12 3241 ι
50 3202 109 3254 una
130 3205 219 3252 sese
240 3187 416 3272 scriptores
439 3204 525 3251 osso
548 3185 714 3250 diceret.
758 3182 900 3266 vestigia
920 3180 1114 3264 perturbavit

7 3299 8 3334 ³
53 3292 179 3371 primum
208 3295 227 3358 t
258 3291 365 3357 littere
400 3310 436 3356 cx
464 3290 650 3373 praecedenti
682 3290 773 3356 verbo
805 3288 972 3373 geminata,
1000 3284 1111 3350 deinde

7 3403 12 3530 Ι
54 3397 210 3482 singularis
239 3415 383 3490 uumerus
413 3396 681 3480 (scriptorem)
711 3396 751 3462 ud
783 3413 871 3461 soso
894 3441 901 3456 .
925 3439 933 3456 .
957 3393 1114 3457 diceret

7 3532 12 3638 ξ
55 3503 305 3583 accommodatus,
328 3523 399 3570 cum
421 3505 532 3569 ambo
554 3504 750 3570 obscuratum
775 3505 868 3569 essct.

145 3694 183 3759 ln
199 3693 307 3759 Vatin.
323 3694 381 3758 32:
401 3692 521 3771 Quom
545 3694 778 3760 accumbere
801 3692 978 3756 atratum
1000 3687 1111 3755 ride·

58 3801 133 3862 ras?
167 3799 376 3865 Dominum
409 3817 494 3864 cum
526 3801 620 3885 toga
648 3799 761 3882 pulla
790 3802 829 3866 ut
851 3798 940 3863 cius
963 3797 1111 3862 amicos

59 3913 138 3972 anto
173 3904 423 3974 convivium?
482 3905 587 3971 Cicero
622 3907 717 3991 negat
752 3906 888 3993 atratum
926 3919 1111 3989 quemquam

60 4012 231 4092 accubuisse,
265 4010 424 4077 dominum
441 4029 512 4077 cum
527 4009 637 4078 amicis
658 4014 729 4077 unte
744 4010 916 4078 convivium
932 4009 1111 4088 (antequam

6 4323 7 4348 i

6 4351 8 4382 i

6 4387 7 4410 i

6 4415 7 4440 i

6 4445 8 4466 i
