2740 4572
539 257 662 313 Tacitus.
1029 257 1090 322 233

45 451 337 522 circumdedit
358 473 470 540 quam
491 454 569 521 illa
591 454 809 531 colluvies,
831 455 896 520 sive
912 455 1030 540 potius:
1066 474 1142 521 nec·

44 557 144 624 ulla
167 606 175 621 .
201 605 209 621 .
233 604 242 620 .
265 560 450 646 <perdo
471 561 562 642 plus
583 561 660 638 cet.;
683 579 754 627 nem
772 563 803 625 et
817 560 920 642 aptius
939 562 988 626 est
1012 562 1136 644 pestis

46 669 81 729 et
123 663 250 730 lucilius
282 669 355 732 ento
383 665 474 748 plus
496 666 635 733 excidero
655 666 769 750 potuit.
814 665 948 742 (Vitium
972 668 1135 732 sententia

46 769 242 836 urnescinm
257 770 397 850 offendit,
413 770 468 856 qui
481 771 635 838 intellexit
649 773 766 856 requiri
786 774 849 837 lere
872 791 999 856 neque
1022 773 1132 856 quid·

44 883 201 959 quam.)
245 877 279 942 ln
303 878 411 944 eodem
432 880 533 961 cupite
555 879 647 961 paulo
668 879 756 955 intre,
780 878 833 943 ubi
856 896 937 944 nunc
953 879 998 945 sio
1012 877 1142 943 editore.

46 980 314 1050 Postremum
346 987 433 1068 ipse
469 1003 627 1050 scenam
665 983 839 1060 incedit,
876 984 1003 1049 multa
1040 1001 1143 1050 cura.

48 1091 270 1171 temptans
291 1089 490 1157 citharam
512 1092 552 1156 et
572 1090 859 1174 prameditans
886 1089 1133 1155 assistenti·

48 1196 128 1260 bus
159 1194 388 1277 phonascis.
434 1197 678 1263 Accesserat
706 1195 850 1262 cohors
874 1195 1048 1262 militum
1074 1197 1132 1261 cot.

49 1322 66 1364 e
85 1301 213 1366 Mureti
235 1301 421 1381 coniectura,
444 1301 623 1387 longissime
637 1321 656 1367 a
670 1302 826 1368 codicibus
842 1302 1012 1368 discedenti
1025 1321 1080 1368 nac
1094 1302 1133 1366 ad

50 1425 124 1472 rem
160 1411 255 1486 recta,
289 1408 433 1492 quoniam
466 1409 634 1475 citharistis
667 1408 699 1473 in
732 1410 799 1490 ipsa
831 1428 923 1475 scena
951 1408 1135 1474 canentibus

53 1513 237 1594 phonascus
269 1514 405 1580 astitisse
439 1532 589 1598 nusquam
624 1514 816 1599 significatur
850 1533 947 1597 neque
976 1514 1134 1597 probabile

51 1621 114 1696 est,
140 1618 335 1685 redeundum
365 1622 486 1686 videtur
515 1620 699 1704 simpliciter
726 1621 764 1686 ad
787 1621 924 1688 codicum
949 1620 1132 1703 scripturam

52 1725 111 1802 sic,
135 1726 176 1788 ut
197 1725 234 1790 fit
257 1726 288 1790 in
312 1725 538 1808 antiquissimis
560 1725 757 1805 editionibus,
779 1729 1022 1810 interpunctom:
1037 1763 1079 1776 -
1095 1727 1143 1792 et-

52 1831 360 1911 praemeditens.
404 1832 714 1898 Assistentibus
744 1833 871 1899 lacios
900 1834 1134 1901 accesserat

54 1937 208 2001 cohors
229 1938 406 2004 militurn
430 1943 488 2003 cet.
518 1939 741 2006 desistentium
757 1946 789 2006 et
804 1940 998 2006 audientium
1013 1958 1132 2006 corona

55 2041 253 2126 singularem
274 2045 411 2128 aliquam
432 2044 566 2126 speciem
593 2045 659 2126 (ein
672 2044 956 2111 crobernensem
973 2045 1143 2128 earne)

56 2147 221 2214 addidisse
244 2151 402 2215 cohortem
418 2151 565 2228 militum,
588 2151 779 2216 centuriones
794 2152 993 2235 tribunosque
1008 2152 1143 2216 Tacitus

58 2253 229 2338 significat.
273 2255 411 2323 Tacici
438 2257 571 2322 nominis
591 2256 622 2320 in
645 2255 703 2322 boc
724 2256 792 2320 loco
813 2274 904 2320 usum
924 2258 1009 2321 recte
1032 2256 1142 2320 decla--

56 2361 144 2424 ravit
165 2360 329 2428 Bottichor
349 2361 382 2427 in
404 2361 498 2427 lexico
520 2364 646 2430 Taciteo
668 2361 790 2428 collatis
813 2361 921 2428 multis
940 2361 1039 2427 Taciti
1055 2361 1131 2426 locis

58 2471 94 2531 ut
116 2468 203 2533 Anu.
226 2468 251 2546 I,
274 2469 313 2530 41
338 2470 370 2534 et
391 2468 471 2534 Hist.
493 2469 535 2546 Il,
558 2468 610 2548 89,
631 2473 690 2534 cel.

164 2585 243 2650 Ibid.
270 2588 306 2650 16
335 2585 386 2663 (de
415 2589 537 2653 Nerone
567 2587 738 2652 carminum
768 2586 906 2651 studium
937 2587 1133 2663 affectante):

61 2691 312 2768 contractis,
357 2693 501 2775 quibus
545 2693 682 2776 aliqua
718 2694 919 2778 pangendi
956 2692 1143 2758 facultas·

60 2796 234 2862 necdum
269 2798 448 2882 insignis
480 2800 617 2865 atatis
650 2801 735 2864 nati
768 2799 979 2865 considere
1010 2799 1134 2888 simul

59 2908 99 2966 ct
123 2901 277 2969 allatos
299 2905 361 2970 vel
384 2905 532 2970 ibidem
549 2907 888 2987 r'epertosversus
906 2907 1142 2973 connectere·

60 3012 185 3092 atque
217 3010 348 3091 ipsius
379 3011 502 3076 verbo
531 3011 828 3094 quoquomodo
857 3012 1018 3096 prolata
1040 3032 1134 3095 sup-

62 3115 253 3196 plerooet.
286 3115 483 3182 Coniecturae
505 3117 537 3181 iu
558 3117 907 3182 verbisatatisnati
924 3118 1144 3183 considero

62 3223 202 3286 tentatas
225 3221 365 3287 refellere
394 3221 587 3304 supersedeo,
618 3221 751 3286 maximo
780 3219 901 3285 illatam
923 3222 1028 3303 inepte
1051 3242 1134 3287 cenae

64 3327 256 3393 mentionem
289 3327 427 3410 miroque
459 3330 601 3393 vexatum
635 3324 771 3389 aetatis
802 3326 984 3390 vocabulum
1006 3326 1137 3392 minime

64 3434 231 3500 abhorrens
253 3434 292 3499 ab
313 3436 484 3500 uenatione
505 3437 601 3498 coetus
622 3449 641 3495 a
662 3431 780 3496 Nerone
799 3430 995 3495 adolescente
1011 3430 1134 3514 (viginti
1231 3483 1234 3490 .

64 3541 198 3605 duorum
216 3547 377 3617 annorum)
400 3559 469 3606 cum
486 3539 556 3604 aliis
572 3556 631 3602 nou
646 3537 766 3619 longius
780 3534 932 3619 provectis
944 3534 1142 3614 (necdum)

66 3644 222 3724 instituti;
254 3646 334 3711 illud
356 3665 451 3710 unum
472 3643 677 3709 animadverti
696 3641 803 3717 velim,
825 3659 861 3704 cx
884 3639 1019 3706 ablativo
1041 3660 1133 3707 con·

66 3754 217 3818 tractis
232 3771 391 3835 apparere,
409 3752 518 3815 debere
534 3750 666 3830 primum
682 3746 770 3828 sequi
780 3746 907 3811 verbum
920 3745 958 3809 ad
971 3743 1133 3824 Neronem,

66 3879 128 3924 non
160 3859 200 3924 ad
223 3861 360 3942 cetoros,¹
384 3857 550 3939 pertinens,
579 3853 714 3936 reliquos
742 3850 909 3916 infinitivus
932 3852 1014 3914 recte
1037 3851 1074 3915 de
1095 3850 1136 3916 iis

65 3965 212 4046 intelligi,
236 3955 311 4048 quos
333 3961 416 4027 Nero
438 3960 638 4026 conbuxerat.
674 3956 845 4040 Scripserat
859 3955 984 4020 Tacitus
1000 3955 1039 4020 ad
1055 3955 1141 4024 hano

68 4073 219 4137 formam:
254 4067 506 4144 Contractis,
539 4064 685 4148 quibus
718 4062 928 4144 aliqua...
951 4061 1139 4146 insignis,
