2728 4582
253 223 295 288 40
612 224 673 282 urs,
693 223 714 277 1.
741 228 805 294 nup,
825 225 874 280 111.

212 418 290 482 Rern
324 420 519 486 manifestam
551 422 669 488 faeinut
701 424 733 488 et
762 424 826 488 tota
853 424 959 498 oratio,
981 423 1013 488 in
1037 441 1096 504 qua
1119 422 1221 504 agitur
1239 419 1275 484 de
1356 456 1362 513 ,¹

213 524 335 590 deereto
358 527 396 592 ab
419 526 613 594 Androtione
640 528 681 593 ad
709 528 854 610 populum
878 528 916 593 de
938 530 1047 594 senatu
1069 529 1223 593 laudando
1245 535 1278 592 et
1356 526 1362 604 t

169 669 171 678 ‹
212 632 384 697 coronando
407 633 479 709 lato,
509 635 541 697 et
570 634 692 700 dativus
720 629 816 724 αὐτῇ,
845 634 912 717 ipsa
941 635 1073 719 denique
1102 635 1271 699 litterarum

211 737 351 820 vestigia.
406 739 575 822 Soripserat
597 741 679 805 enim
700 741 941 806 Demosthenes:
964 743 1088 808 andana
1111 735 1275 828 ἐχειροτό-
1355 780 1359 794 .,

212 862 316 921 νησεν
348 843 663 932 <ἑειαινὲεην>
690 842 788 937 αὐτῇ.
844 849 975 914 Senatus
1007 868 1076 915 eum
1105 847 1279 931 legem‘de
1355 836 1359 856 ¹

193 943 389 1040 ¹triremibus
421 952 571 1018 faciendis
605 954 791 1030 sustulisset,
824 955 905 1020 hune
932 956 1031 1036 ipsum
1055 955 1278 1019 Androtionem
1353 1022 1358 1039 ,

211 1051 399 1130 subornavit,
422 1059 474 1141 qui
498 1059 596 1124 nihilo
616 1057 717 1125 miuus
750 1060 788 1124 de
821 1079 853 1126 se
884 1061 1039 1126 laudando
1068 1062 1106 1127 ad
1129 1062 1296 1144 populum.
1354 1042 1358 1051 ¹

211 1157 311 1239 ferret,
345 1180 477 1247 eumque
509 1167 569 1232 sibi
601 1168 791 1232 laudatorem
825 1169 948 1239 creavit,
981 1186 1015 1232 er
1048 1186 1107 1252 quo
1126 1185 1281 1249 apparere

211 1267 311 1330 orator
342 1267 505 1351 signifieat,
539 1274 603 1338 eius
636 1274 667 1337 iu
701 1276 766 1338 tota
794 1292 827 1338 ro
857 1272 1023 1356 praecipuas
1046 1274 1148 1356 partes
1172 1273 1278 1337 fnisse.
1353 1354 1356 1365 Ι

179 1367 185 1386 ¹
210 1369 278 1435 Nou
300 1374 394 1440 nimis
417 1378 581 1444 uisfieulter
602 1382 674 1444 ante
698 1374 786 1465 αὑτῇ
808 1378 922 1444 excidit
938 1384 1128 1460 ἐπαινέτην.
1177 1379 1279 1446 Unum
1353 1368 1357 1407 '¹

211 1477 289 1544 addo
311 1485 465 1564 proprium
496 1503 562 1550 esse
591 1505 701 1551 nomen
732 1491 921 1563 danavetae,
951 1485 1096 1570 quoniam
1121 1486 1281 1550 deoretunr
1353 1516 1358 1577 3

213 1589 367 1653 ἐπαινεῖν
390 1591 443 1655 καὶ
468 1595 660 1678 στεφανοῦν
682 1589 747 1678 τήν
768 1587 900 1679 βουλήν
921 1593 1053 1658 iubebat.
1095 1591 1098 1596 ’

312 1725 396 1822 Ibin..
406 1728 463 1794 33:
478 1734 565 1818 Περὶ
574 1734 766 1818 paterniano
780 1728 970 1820 αοῦνόμον,
986 1726 1066 1800 καθ’
1076 1727 1117 1796 ὃν
1127 1725 1282 1816 darand—
1355 1784 1359 1812 .,

212 1858 271 1908 τας
303 1831 411 1904 αὐτοῦ
443 1843 506 1906 τοὺ
538 1838 667 1924 πατρός
695 1843 740 1927 τῷ
772 1841 922 1927 δημοσίῳ
950 1833 1106 1927 χρήματα
1138 1841 1192 1912 καὶ
1217 1831 1281 1904 ov'a
1354 1868 1359 1935 ᾗ

214 1943 418 2018 ἐκτετακότος
440 1942 502 2013 ov’u
526 1954 628 2023 ἔξεσει
653 1951 762 2034 λέγειν
781 1942 859 2014 ov'dt·
873 1941 1017 2033 γράφειν
1033 1941 1155 2032 τούτῳ,
1171 1947 1279 2012 ταῦτα
1359 1945 1360 1951 '

116 2074 118 2078 ’
214 2051 328 2118 δίκαια
350 2054 459 2139 λέγειν
483 2049 527 2119 ἄν
550 2062 654 2141 ἔχοιτε
674 2049 822 2130 εἰκότως,
838 2050 898 2120 εἀἷν
914 2056 961 2141 φῇ
977 2055 1050 2120 δεῖν
1065 2048 1157 2138 ἡμᾶς
1173 2049 1281 2120 αὐτόν

215 2154 434 2230 ἐνδεικνύναι.
480 2163 548 2228 Non
578 2163 654 2227 hese
676 2162 859 2245 argumenta
884 2160 995 2244 opponi
1010 2161 1194 2226 Androtioui
1214 2161 1284 2226 suf·
1356 2164 1361 2247 ξ

212 2265 297 2348 fagia
331 2268 480 2348 quaerenti
516 2270 668 2350 poterant,
703 2266 846 2351 quoniam
877 2268 914 2334 de
943 2285 980 2332 ea
1007 2266 1086 2349 lege,
1123 2265 1280 2348 adquam

213 2391 295 2438 nuno
316 2373 441 2440 demum
465 2376 623 2453 transitur,
652 2374 732 2442 nihil
763 2376 834 2440 ante
856 2373 974 2439 dietum
997 2375 1070 2444 erat,
1092 2371 1146 2436 sed
1169 2373 1199 2434 in
1222 2371 1283 2437 hae

212 2478 282 2563 lege
316 2481 423 2546 eadem
457 2483 572 2547 ratione
601 2479 781 2546 Androtioni
803 2480 916 2546 oeourri
938 2479 1070 2560 poterat,
1093 2493 1154 2560 qua
1175 2478 1207 2541 in
1229 2495 1281 2543 su·

212 2585 329 2666 periore
351 2589 452 2652 orator
475 2588 503 2652 ei
524 2592 706 2682 occurrerat
761 2585 963 2651 Scribendum
995 2583 1106 2668 igitur:
1140 2575 1280 2649 ταύτά

214 2691 335 2757 δίκαια.
387 2693 542 2770 (Debabat
569 2694 717 2774 praeterea
742 2693 801 2757 diei
823 2693 877 2756 aut
898 2693 1006 2757 nadre
1030 2684 1072 2755 au*
1097 2691 1222 2771 δίκαια,
1244 2699 1284 2755 ut

214 2798 324 2863 diuum
348 2817 402 2880 pro
425 2797 618 2864 substantivo
641 2801 731 2874 esset,
755 2800 809 2864 aut
830 2798 938 2862 aedua
963 2798 1118 2874 δικαίως.)

312 2938 431 3016 XXIII,
459 2940 536 3004 142:
567 2946 604 3004 ἐν
633 2937 673 3024 ὃν)
704 2934 889 3028 Λαμψάκῳ
914 2944 1003 3013 τινὲς
1025 2935 1206 3023 ἅνθρωποι
1229 2941 1283 3024 yi-

213 3070 351 3132 γνονται
365 3040 435 3112 δύο·
484 3041 702 3134 Θερσαγόρας
723 3041 820 3131 ὄνομ’
842 3040 945 3134 αὐτῷ,
969 3054 1103 3132 θατέρῳ
1131 3039 1159 3110 d’
1181 3038 1280 3130 Etr}-

214 3177 339 3226 κεστος.
385 3152 460 3232 Quis
481 3174 629 3237 umquam
650 3154 680 3218 iu
692 3153 755 3220 ulla
769 3155 875 3240 lingua
890 3155 934 3220 sio
948 3153 1095 3238 loquitur,
1111 3153 1145 3216 ut
1161 3151 1284 3218 duobus
1325 3218 1327 3227 ,

213 3259 395 3346 significatis
417 3260 592 3326 hominibus
623 3261 790 3346 subiungat
812 3261 846 3326 ei
869 3278 978 3326 nomeu
1001 3258 1158 3335 essehoc,
1187 3257 1280 3322 alteri

213 3367 300 3446 illud,
324 3387 359 3433 ue
380 3386 438 3432 non
462 3369 507 3434 aie
530 3365 613 3441 dicit,
636 3367 727 3432 alteri
750 3384 860 3432 nomen
888 3366 1038 3440 essehoc,
1066 3366 1159 3430 altari
1180 3363 1285 3430 illudo

214 3473 316 3554 Atque
339 3473 378 3537 ad
400 3473 478 3539 hano
499 3473 630 3538 formam
651 3475 774 3556 scripsit
802 3474 897 3538 etiam
923 3472 1163 3538 Demosthenes:
1195 3471 1280 3553 Θερ-

214 3573 360 3666 σαγόρας
383 3573 480 3663 ὄνομ’
503 3572 616 3645 αὐτῶ
625 3606 645 3645 ν
667 3581 947 3665 <θατὲρῳ>,
972 3585 1104 3665 θατέρῳ
1128 3570 1157 3643 δ’
1179 3571 1282 3660 Ἐξή-

215 3711 341 3759 κεστος.
385 3685 541 3752 Omissum
569 3707 668 3754 erroro
692 3688 822 3754 alterurn
846 3688 980 3772 θατέρῳ
1003 3685 1113 3757 effecit,
1134 3688 1178 3759 ut,
1202 3702 1283 3766 quo-

214 3794 297 3859 niam
322 3793 445 3860 dativus
467 3798 572 3876 aperte
596 3793 835 3872 desiderabatur,
863 3793 1003 3860 renarra
1024 3793 1129 3856 littora
1150 3817 1171 3856 ν
1193 3792 1282 3856 fieret

214 3927 316 3968 αὕτω-

313 4041 425 4121 XXIV,
446 4041 503 4103 41:
537 4038 614 4116 ὅλος
646 4045 711 4128 μὲν
744 4036 808 4127 γάρ
844 4045 935 4107 ἐστιν
968 4035 1097 4105 ἅπασιν
1127 4037 1284 4110 ἐναντίος
