2740 4572
259 276 320 339 aso
624 274 684 330 ura.
702 275 739 330 ιι
759 275 825 345 cop.
841 275 872 330 v.

217 472 351 558 potuisse
373 471 516 538 Tacitum
537 470 641 537 subito
660 489 680 536 a
701 469 812 549 Gallis,
842 471 881 536 de
905 471 1016 553 quibus
1042 470 1116 536 solis
1138 470 1290 536 hactenus

216 579 337 656 dixerit,
360 578 400 643 ad
423 578 577 644 Romanos
599 577 644 643 sic
665 576 846 656 transsilire,
876 582 911 643 ut
936 576 1049 642 deinde
1071 575 1291 642 eorundem

218 685 256 750 de
273 682 371 751 Gallia
393 683 569 762 subiiceret,
592 702 699 768 neque,
721 684 749 750 si
771 685 809 749 de
832 683 979 751 Romanis
1001 682 1033 746 in
1054 681 1120 748 ioro
1143 679 1291 747 autalibi

218 809 272 872 per
294 790 402 855 urbem
424 789 533 855 occisis
555 792 708 873 ageretur,
738 790 836 855 ullam
867 789 962 856 luisse
984 787 1129 872 Capitolii
1154 786 1290 852 ebarcis

216 895 407 979 appellanda
428 913 562 973 causam,
584 913 684 978 neque
705 915 815 962 manus
837 895 1008 974 Gallorum,
1034 893 1090 960 aed
1111 892 1234 978 gladios
1258 896 1293 958 et

217 1003 282 1068 tela
303 1001 529 1068 nominatarum
560 1001 705 1067 Taciturn
733 1003 838 1068 fuisse.
891 1003 1001 1085 Itaque
1023 1000 1087 1068 reri
1107 999 1290 1065 inveniendi

217 1107 341 1173 initium
357 1106 503 1172 Heinsius
524 1105 614 1182 uidit,
637 1126 695 1172 uon
715 1109 766 1191 agi
782 1109 820 1174 de
835 1108 919 1174 caede
933 1107 1055 1190 aliquot
1069 1108 1293 1182 Romanorum,

119 1263 122 1270 .
219 1214 273 1282 sed
295 1216 334 1279 de
356 1211 499 1296 Capitolii
521 1212 662 1296 arcisque
683 1213 903 1297 redemptione,
925 1233 993 1296 quaa
1023 1214 1106 1294 apud
1132 1214 1292 1278 Romanos

219 1338 340 1402 semper
361 1320 393 1383 in
412 1319 559 1384 memoria
574 1319 762 1384 calamitatis
779 1319 906 1386 Gallica
922 1319 1057 1402 primum
1072 1319 1176 1385 locum
1192 1321 1291 1394 tenet,

218 1425 428 1510 detractisque
449 1425 489 1490 ad
511 1443 619 1490 aurum
641 1425 865 1494 conficiendum
885 1423 1072 1506 templorum
1088 1424 1293 1498 omamontia,

219 1534 278 1598 hoc
300 1534 357 1610 est,
382 1532 420 1597 de
442 1529 644 1597 manubiis
666 1531 844 1608 deorum,
867 1550 943 1615 quaa
965 1530 1202 1614 hicappellatas
1222 1549 1294 1595 esse

218 1639 287 1721 ipse
310 1639 416 1703 statim
440 1636 658 1721 intellexeram.
693 1636 814 1702 Deinde
836 1639 973 1720 apparet,
988 1637 1081 1701 verbo
1103 1641 1295 1702 oreretur
1366 1665 1367 1706 r

219 1746 249 1810 in
273 1744 403 1810 relatiua
424 1742 577 1808 sententia
598 1743 769 1808 necessario
791 1742 973 1826 respondere
989 1743 1101 1808 debere
1116 1739 1292 1822 imperfecti

219 1852 274 1914 aut
294 1848 590 1931 plusquamperfecti
611 1849 760 1932 temporis
783 1850 920 1915 verbum.
963 1850 993 1914 A
1015 1845 1167 1914 sententia
1186 1846 1293 1912 Taciti

220 1972 279 2019 nou
293 1952 385 2037 longe
400 1954 599 2031 aberraverit,
614 1955 667 2040 qui
683 1956 857 2037 scripserit:
875 1992 912 2002 -
929 1973 1062 2022 eorum
1084 1956 1292 2030 oreretur,

221 2059 286 2145 qui
308 2059 431 2143 <de>
453 2059 662 2144 Capitolio
691 2065 729 2127 et
762 2081 852 2127 arce
882 2062 1055 2126 Romana
1086 2060 1294 2125 manubiis

220 2167 379 2232 deorum
402 2167 532 2253 depacti
553 2170 686 2235 essent?
730 2167 791 2233 Sed
814 2166 929 2233 residet
951 2166 1114 2249 scrupulus
1129 2167 1160 2229 in
1174 2165 1293 2230 litteris

220 2271 324 2339 satis
358 2273 449 2358 longe
482 2273 710 2339 discedentibus
744 2280 813 2350 (uec
843 2275 947 2338 tamen
979 2272 1103 2354 longius
1133 2289 1226 2354 quam
1256 2273 1291 2336 in
1368 2278 1369 2354 ξ

220 2379 349 2446 aliorum
372 2378 555 2444 emendandi
578 2379 764 2456 conatibus).

320 2486 397 2551 ibid.
433 2484 504 2560 XII,
539 2487 574 2550 l:
611 2485 686 2551 Sed
726 2485 894 2551 maxime
926 2483 1212 2568 ambigebatur
1244 2483 1292 2558 (in

222 2591 384 2676 deligenda
407 2590 529 2657 Claudii
554 2599 658 2669 uxore)
681 2592 788 2657 inter
813 2590 987 2657 Lolliam
1008 2589 1221 2655 Paulinam
1246 2587 1291 2652 Μ.

221 2697 349 2764 Lollii
381 2696 613 2763 consularis
645 2700 685 2763 et
715 2697 861 2763 Iuliam
891 2695 1160 2781 Agrippinam
1190 2694 1292 2760 Ger-

222 2802 379 2869 manico
395 2805 573 2887 genitam
591 2805 650 2869 oet.
682 2803 789 2888 Neque
803 2803 963 2870 familiaris
978 2802 1129 2868 sermonis
1143 2801 1292 2876 brevitas,

223 2927 282 2993 qua
305 2907 470 2974 Caecilia
491 2909 653 2974 Metelli
674 2910 795 2987 dicitur,
824 2911 864 2974 ad
886 2909 964 2974 banc
984 2909 1016 2972 in
1040 2907 1189 2972 narrando
1211 2907 1291 2972 cert-i

221 3013 356 3079 bominis
377 3012 500 3096 plenam
519 3015 760 3099 appellationem
775 3015 961 3093 (Paulina
983 3015 1027 3079 Μ.
1050 3013 1178 3080 Lollii
1200 3031 1293 3078 con·

221 3119 387 3196 sularis)
421 3122 575 3186 transferri
609 3122 672 3187 ullo
704 3122 796 3189 modo
829 3124 940 3203 potest,
973 3138 1072 3204 neque
1102 3119 1191 3185 facile
1221 3117 1292 3184 hac

220 3226 417 3310 inaequalitas
434 3226 582 3293 orationis
597 3227 686 3294 ferri:
712 3226 879 3292 Paulina
895 3229 938 3292 Μ.
957 3226 1084 3293 Lollii
1101 3230 1140 3291 et
1155 3227 1289 3309 Agrip·

223 3333 316 3415 pina
339 3333 578 3399 Germanico
599 3333 748 3418 genita.
791 3334 840 3398 ad
864 3335 929 3400 baec
954 3334 1059 3399 mendi
1082 3333 1196 3399 iudicia
1220 3350 1292 3396 eum

222 3437 357 3517 accedat,
381 3439 462 3521 quod
486 3439 624 3505 Paulinae
651 3440 747 3519 petris
778 3441 954 3506 consulatus
983 3439 1101 3504 nullum
1124 3438 1291 3523 vestigium

222 3543 382 3626 reperitur,
407 3549 438 3610 et
461 3545 543 3627 quod
556 3545 675 3612 Plinius
697 3564 819 3630 quoque
840 3547 879 3611 Η.
895 3545 935 3611 N.
951 3547 1007 3625 IX,
1031 3545 1091 3610 118
1111 3545 1143 3610 in
1160 3544 1292 3610 Paulina

222 3650 270 3714 avi
292 3651 425 3727 tantum,
440 3669 501 3716 non
517 3653 615 3733 patria
630 3653 823 3718 nobilitatem
840 3653 1007 3737 significat,
1023 3653 1158 3718 dubitari
1172 3653 1291 3734 aequit,

221 3756 296 3838 quin
318 3755 445 3821 Tacitus
467 3757 505 3821 ad
528 3756 607 3824 banc
628 3759 758 3824 formam
781 3759 954 3842 scripserit:
983 3757 1157 3824 Lolliam
1188 3757 1292 3822 Pau-

223 3863 344 3927 linam
365 3860 446 3942 <Μ.
477 3860 589 3946 Lollio,
618 3864 727 3948 illio>
748 3865 792 3930 Μ.
816 3865 942 3932 Lollii
973 3864 1220 3940 consularis,
1253 3866 1293 3928 et

224 3969 369 4034 Iuliam
401 3968 667 4052 Agrippinam
703 3971 940 4038 Germanico
972 3971 1167 4054 genitam,
1204 3970 1292 4053 patre
