2712 4576
461 264 600 321 Ciceronis
619 264 727 320 Orator.
1042 267 1082 329 99

53 459 135 525 nulls
158 463 207 526 est
229 458 400 537 dubitati03
430 462 457 526 si
479 480 514 528 ex
535 461 589 528 illo
610 461 772 545 inquum
791 463 893 544 aptius
915 462 1033 546 aliquid
1057 481 1125 529 eru·

53 568 118 631 tum
142 565 246 645 fuerit,
270 584 328 632 nou
351 570 536 652 repugnabo.

153 684 234 750 lbid.
253 684 331 750 163:
354 685 484 752 Verba
506 733 535 748 ..
557 686 731 771 legenda
752 688 846 752 suut
868 686 1125 767 potissimum

54 791 384 870 benesonantis,
415 793 484 858 sed
516 813 560 860 eu
592 813 665 860 nou
695 793 739 858 ut
768 793 893 876 pustae
922 793 1126 878 exquisite

54 897 97 961 ad
119 915 280 976 sunum,
303 899 373 963 sed
394 901 553 981 sumptu
575 898 620 964 de
643 899 787 965 medio:

136 1081 139 1086 ,
354 1004 456 1086 „Qua
476 1007 597 1089 pontu
621 1007 666 1072 ab
689 1004 852 1072 Helles“

54 1111 220 1191 superat
241 1109 394 1175 modum
417 1112 458 1175 et
481 1113 641 1177 euricus
674 1110 741 1197 (alii
763 1112 898 1178 sudines:
926 1109 1123 1196 taurinus)

53 1215 231 1282 locurum
254 1215 488 1300 splendidis
517 1219 748 1284 nominibus
776 1217 1042 1285 illuminatus
1065 1220 1127 1280 est

55 1341 212 1400 versus,
244 1323 314 1388 sed
344 1325 548 1406 proximus
578 1323 818 1407 inquinatus
839 1327 901 1393 eet.
957 1323 1016 1404 Qui
1039 1322 1122 1388 disii-

54 1429 142 1494 eilem
177 1428 262 1494 bunc
291 1428 393 1496 lucum
422 1430 606 1507 tractarunt,
635 1433 812 1514 intorques
835 1434 883 1496 est
908 1430 1003 1496 etiam
1026 1429 1124 1494 Luch-

54 1553 193 1612 muuuus,
226 1554 288 1601 uon
321 1536 519 1604 attenderunt
549 1537 582 1601 iu
613 1537 698 1602 brevi
730 1537 785 1603 illo
808 1555 915 1602 versus
937 1537 1125 1620 fragmento:

55 1639 133 1721 Qus
154 1642 277 1724 pontu
299 1644 345 1710 ab
366 1642 510 1711 Helles
540 1643 617 1708 nihil
647 1643 772 1708 omnino
803 1662 879 1726 esse,
902 1641 982 1726 quod
1005 1660 1126 1724 supe·

56 1767 140 1813 rere
166 1747 321 1814 modum
343 1748 405 1814 diei
433 1750 544 1832 pessit;
576 1749 684 1814 deiude
707 1749 894 1814 extrinsecus
916 1749 1076 1816 arcessunt
1097 1749 1129 1813 et

57 1855 203 1920 audacter
224 1854 391 1922 inferciunt
412 1856 569 1938 complura
597 1856 635 1920 ad
665 1854 861 1922 eliciendum
882 1854 973 1922 illum
995 1873 1129 1933 versum,

57 1960 93 2024 ad
128 1979 224 2046 quem
266 1961 399 2044 pertinet
440 1962 599 2037 iudicium.
645 1963 726 2045 quod
770 1963 919 2046 sequitur,
958 1960 1128 2028 Cieeronis:

58 2063 290 2149 splendidis
322 2071 380 2139 cet,
439 2067 527 2146 Quod
563 2069 740 2153 requiritur,
777 2070 854 2134 latet
890 2069 920 2132 in
954 2069 1032 2150 ipsis
1064 2066 1129 2132 illis

58 2174 167 2239 verbis.
212 2171 369 2257 Scriptum
391 2174 475 2240 enim
497 2175 599 2238 fuerat
620 2175 659 2239 ad
682 2175 764 2241 hune
787 2174 928 2240 mudum:

149 2279 262 2363 ,Qua
298 2282 419 2364 ponto
459 2281 504 2346 ab
541 2280 682 2346 Helles
716 2281 882 2362 superat
917 2276 1060 2344 Tmolum
1096 2279 1131 2344 et

965 2381 1127 2451 lauriss‘*

61 2492 254 2560 Locorum
297 2492 534 2576 splendidis
577 2493 807 2564 numinibus
850 2491 907 2558 net
984 2489 1129 2570 Apparet,

61 2619 150 2683 quam
188 2601 260 2682 epte
295 2598 368 2664 huie
410 2601 607 2665 continuetur
647 2599 802 2682 proximus
842 2614 966 2663 versus:
1010 2593 1129 2670 finis,

62 2707 264 2791 irugiieru
285 2709 342 2772 eet.
376 2705 477 2783 (Nihil
500 2707 612 2783 obstat,
635 2707 718 2790 quod
740 2705 820 2771 alius
843 2721 964 2787 quoque
986 2701 1130 2784 antiquus

64 2815 152 2892 poeta
178 2811 261 2894 apud
289 2812 361 2879 Seu.
392 2813 446 2895 Ep.
468 2813 517 2883 80.
541 2814 558 2874 7
592 2816 709 2895 pouto
741 2813 787 2878 ub
821 2811 964 2876 Helles
994 2807 1071 2872 dixit
1098 2806 1130 2870 iu

65 2917 246 2984 definiendis
268 2917 396 2985 Graeciae
417 2917 553 2995 finibus.)
1271 2905 1274 2912 ’

162 3025 243 3090 lbid.
268 3023 342 3089 183:
376 3043 503 3106 neque
536 3024 640 3089 enim
673 3024 760 3107 ipse
793 3039 935 3088 versus
967 3018 1132 3086 ratione

67 3134 125 3197 est
158 3130 367 3214 cognitus,
400 3131 469 3197 sed
503 3135 648 3195 nutura
684 3131 806 3214 utque
842 3145 979 3206 sensu,
1016 3142 1130 3207 quem

68 3236 244 3303 dimensa
266 3237 370 3302 ratio
393 3235 541 3316 docuit,
566 3237 663 3319 quid
685 3215 1131 3302 acciderit'Seribeudum

68 3360 129 3409 esse
153 3342 326 3418 decideret,
349 3343 439 3426 periti
461 3343 611 3408 admoniti
632 3342 822 3425 intelligent,
842 3336 980 3432 imperiti
1002 3335 1133 3401 duceudi

68 3467 123 3514 nun
146 3454 227 3515 suut.
954 3469 957 3474 '

163 3555 245 3622 lbid.
279 3555 359 3620 221:
394 3556 433 3620 i'n
470 3558 576 3621 veris
613 3553 748 3620 causis
785 3553 853 3617 sut
888 3548 1133 3616 iprensibus.

69 3660 134 3728 Non
165 3660 302 3727 delendae
332 3664 420 3727 eruut
449 3661 518 3726 duae
543 3665 709 3745 postremae„
726 3677 823 3733 voees,
846 3658 899 3723 sed
922 3648 1133 3722 scribendum:

70 3784 104 3834 uu
123 3769 365 3834 forensibus.
409 3768 603 3848 [Schuetzius
626 3771 688 3844 et]
786 3752 788 3756 ¹

165 3876 242 3941 lbid.
265 3873 342 3940 230:
376 3872 474 3940 Sunt
498 3873 636 3959 etiam,
662 3873 730 3957 qui
753 3867 1134 3954 infringendis

74 3979 413 4063 eonnideudisque
441 3985 616 4045 numeris
643 3978 681 4045 iu
704 3963 900 4062 quoddam
922 3990 1046 4061 genus
1067 3973 1134 4038 ab·

31 4121 34 4299 ¹
74 4085 217 4154 ieutum
252 4087 438 4152 incidunt
470 4086 697 4152 Siculorum
730 4083 992 4150 simillimum.
1033 4078 1133 4144 llerri

901 4192 935 4250 ς*

33 4371 43 4515 i
892 4435 1029 4507 Α
1105 4402 1239 4496 *k
