2712 4576
434 313 572 371 Cieeronis
590 315 737 370 crederes.
1020 315 1079 380 133

54 509 131 593 ipsi
167 511 355 595 deniqne,
387 513 430 577 nt
461 513 597 578 solent
629 512 761 596 loqui,
793 532 865 578 non
894 512 1030 579 dicere
1062 517 1121 579 cei.

54 615 163 700 Neque
186 617 322 700 ipsorum
345 618 491 704 suffragia
506 619 653 705 (singula)
675 619 809 684 multum
831 619 974 700 ponderis
995 601 1119 694 habeut,

53 741 152 806 neque
175 725 276 808 gratia
296 726 402 791 valent
424 727 463 792 ad
485 726 664 792 candidatos
682 724 752 791 aliis
768 724 1043 803 commendandum
1063 724 1122 791 hoc

53 832 98 893 est
131 830 217 896 enim
250 832 422 916 suffragari.
478 831 512 898 Si
542 850 634 917 quem
656 850 692 897 ea
713 831 869 898 dubitatio
892 834 1004 910 movet,
1028 850 1122 914 qnam

53 935 115 1017 ipse
138 936 180 1001 ad
203 937 218 1001 l
241 937 280 1003 de
301 937 388 1002 Finn.
412 938 453 1001 20
475 937 608 1021 exposui,
640 957 695 1020 pro
723 937 809 1005 sive
838 936 1034 1004 scribendum
1064 937 1123 1002 arit

53 1059 109 1108 sm.

153 1229 333 1299 ProSalla
356 1233 391 1297 5:
424 1235 479 1297 An
513 1253 621 1312 vero,
654 1234 692 1298 iu
723 1233 869 1317 quibus
899 1230 1120 1298 subselliis

54 1339 129 1404 haec
153 1340 388 1404 ornamenta
410 1357 452 1404 ac
473 1339 625 1406 lumina
647 1339 704 1404 rei
726 1340 900 1423 publicae
927 1337 1123 1411 viderem,

54 1446 90 1509 in
120 1447 187 1511 his
217 1466 274 1510 me
302 1463 495 1530 apparere
524 1446 689 1519 nollem.
718 1464 882 1528 quornm
914 1465 984 1531 ego
1006 1445 1122 1510 illnm

55 1549 90 1614 in
123 1552 257 1618 locum
289 1553 412 1636 atquo
444 1554 482 1618 in
516 1552 622 1620 hanc'
645 1551 967 1618 excelsissimam
989 1551 1123 1618 sedem

56 1656 283 1741 dignitatis
305 1662 425 1743 atque
446 1658 612 1725 honoris
634 1659 777 1725 multis
800 1660 898 1724 meis
914 1657 1124 1742 utmagnis

56 1761 268 1830 laboribus
290 1766 329 1830 et
357 1764 558 1848 perieulis
588 1764 889 1831 ascendissem?
939 1765 1020 1845 Quid
1042 1768 1125 1830 esset

57 1870 84 1932 in
105 1872 244 1935 extrema
265 1875 351 1953 parte
373 1871 535 1937 sententia
560 1872 637 1946 vitii,
660 1875 822 1938 senserunt
843 1873 946 1956 aliqua
968 1891 1004 1938 ex
1025 1871 1123 1954 parte,

57 1977 106 2055 qui
129 1979 161 2042 in
184 1977 342 2044 codicibus
364 1978 466 2043 minus
488 1977 576 2042 bonis
598 1981 652 2042 aut
673 1998 756 2044 cnm
780 1999 834 2062 pro
856 1998 1022 2063 qnorum
1052 1978 1124 2044 sub·

59 2081 226 2149 stituerunt
254 2085 309 2149 aut
337 2086 406 2166 post
434 2105 503 2169 ego
532 2081 720 2150 addiderunt
748 2103 867 2168 opera
896 2086 951 2150 ant
979 2103 1049 2167 ope
1070 2084 1126 2150 aut

58 2189 220 2255 anxilio.
265 2189 552 2256 Manifestissimum
576 2192 625 2256 est
643 2192 724 2256 onim
742 2193 938 2275 nequereete
954 2188 1124 2272 postillam

59 2297 269 2373 pronominum
292 2295 373 2361 inter
394 2315 427 2362 se
448 2297 600 2363 contraria
615 2298 781 2363 relatomm
801 2295 1062 2362 coniunctionem:
1085 2294 1124 2358 in

59 2401 513 2481 quibussnbselliisffl
536 2404 574 2468 in
597 2404 724 2481 liis-,
747 2403 792 2469 sic
814 2402 922 2467 subiici
944 2417 1126 2484 quorum,

61 2512 92 2570 ut
113 2509 264 2574 referatur
285 2509 324 2574 ad
347 2513 583 2574 ornamenta
611 2528 653 2576 ao
682 2509 836 2574 lumina
858 2508 915 2573 rei
937 2504 1125 2589 publicae,

61 2630 155 2697 neque
171 2616 294 2680 omnino
311 2633 381 2680 cum
395 2613 571 2680 huiusmodi
586 2618 728 2700 genetivo
744 2615 877 2699 copulari
898 2631 987 2698 possa
1008 2611 1126 2677 illurn

61 2718 188 2786 locam
209 2721 325 2796 ¹(locum
349 2717 597 2787 ornamentorum
619 2722 667 2786 rei
693 2721 845 2803 publices),
876 2741 914 2786 ne
943 2720 1044 2784 dicam
1073 2736 1127 2784 ne·

62 2829 189 2892 cessario
211 2827 398 2894 sententiam
419 2829 578 2896 terminari
591 2829 633 2893 ,in
656 2830 748 2894 verbo
770 2827 918 2893 nollem
942 2827 974 2894 et
994 2826 1025 2891 in
1041 2843 1126 2890 com·

62 2933 216 3011 paratione
239 2933 393 3000 Ciceronis
415 2940 446 2999 et
467 2939 650 3014 ceterorum,
678 2935 730 3018 qui
754 2934 866 3000 adsint.
911 2933 1022 3000 Omnia
1042 2931 1128 2994 recta

63 3044 149 3105 erunt
171 3041 216 3106 sic
244 3041 374 3124 scripta:
405 3043 460 3105 An
489 3060 580 3107 vero
604 3084 611 3104 .
635 3087 642 3103 .
667 3087 674 3103 .
698 3085 706 3102 .
729 3059 785 3105 me
814 3056 1010 3122 apparere
1038 3035 1128 3101 nol·

62 3140 157 3210 lem?
206 3147 293 3222 liuor
326 3165 409 3231 ergo.
439 3147 553 3213 illurn
587 3148 626 3212 in
658 3148 787 3212 locum
816 3147 935 3227 atque
961 3143 999 3207 in
1029 3142 1129 3207 hanc

65 3245 382 3319 excelsissimam
413 3253 544 3319 sedem
569 3299 576 3316 .
600 3299 607 3316 .
633 3299 640 3314 .
663 3297 671 3313 .
694 3251 993 3317 ascendissem?
1028 3247 1128 3314 lnior·

64 3359 194 3443 rogando
225 3358 330 3425 Cicero
367 3360 511 3439 ostendit,
549 3361 575 3425 si
611 3358 643 3422 in
676 3359 716 3422 iis
749 3355 912 3431 subselliis,
949 3354 980 3418 in
1017 3353 1128 3436 quibus

66 3468 222 3534 senatores
242 3464 405 3532 clarissimi
426 3464 566 3538 sedeant,
587 3482 733 3548 apparere
755 3461 862 3541 nollet,
888 3461 1002 3525 frustra
1023 3475 1130 3541 sump-

67 3571 125 3637 tam
161 3573 256 3639 inisse
286 3591 408 3638 omnem
441 3570 651 3637 antecedentis
682 3568 754 3636 vitae
786 3567 980 3634 industriam.
1038 3566 1130 3631 Error

67 3676 208 3762 facillime
239 3681 332 3745 natus
364 3680 413 3744 est
443 3697 480 3743 er
511 3678 639 3762 antiqua
666 3676 819 3758 scriptura
840 3681 952 3759 (quor
973 3691 1028 3757 pro
1050 3680 1130 3748 car)

68 3801 122 3852 non
144 3785 313 3852 intellecta.

163 3926 241 3993 lbid.
271 3927 330 3990 20:
364 3943 492 4008 neque
525 3925 630 3989 enim
663 3925 725 3989 est
756 3941 879 3990 causa
911 3919 1131 3988 adversata

71 4036 236 4110 naturae,
269 4050 339 4098 nec
370 4031 483 4097 homo
515 4049 587 4095 nec
617 4047 682 4094 res
712 4027 1010 4094 misericordiae
1039 4040 1131 4086 meae

72 4138 317 4227 repugnavit.
372 4137 474 4203 Nimis
501 4136 621 4202 infinite
651 4138 802 4201 naturae
833 4133 944 4198 dicitur
976 4149 1029 4211 pro
1061 4146 1131 4192 na-
