2712 4576
443 279 582 336 Ciceronis
600 281 710 336 Brutus.
1010 281 1065 344 lll

49 469 167 548 vimus),
202 475 336 541 breviler
368 475 546 542 admonitus
580 475 729 544 facillime
757 479 871 545 sentiet
899 497 1023 563 prorsus
1044 478 1112 544 liert

51 595 103 642 non
130 597 231 662 posse.
265 583 300 647 nt
328 582 406 647 Asia
435 583 524 663 (Asia
553 585 631 662 tota)
662 584 783 651 dicetur
810 603 877 652 esse
904 584 962 652 hoe
984 584 1034 650 vel
1054 583 1114 650 illo

50 684 121 764 (lali)
156 706 269 770 genere
305 687 497 772 eloquentiae,
539 691 622 773 qnod
660 711 757 776 neque
794 711 893 777 genus
926 691 1112 774 eloquendas

51 793 212 876 proprietas
235 794 394 877 (qualitas)
416 797 461 861 rei
483 795 655 862 hominisve
683 797 817 883 intelllgi
847 798 1033 884 appellative
1056 816 1108 883 po·

50 901 105 962 test
136 919 235 984 neque
265 899 348 968 Asiae
380 903 438 968 toti
467 906 627 987 tamqnam
661 923 798 988 personae
831 904 1008 970 hntusmodi
1041 923 1109 989 pro·

49 1005 154 1086 prietes
182 1008 285 1073 tribul.
337 1007 453 1088 Mendi,
481 1027 541 1092 quo
569 1010 668 1076 oratio
700 1010 829 1091 laborat,
864 1014 896 1077 et
925 1010 1010 1095 origo
1039 1028 1111 1092 per·

49 1114 148 1194 spicue
168 1115 199 1180 et
228 1115 376 1181 correctio
410 1115 557 1181 facillime
585 1120 649 1195 ast;
684 1117 847 1200 scripserat
879 1117 962 1182 enim
988 1115 1111 1182 Cicero:

49 1219 140 1303 quale
161 1222 224 1286 ast
245 1241 349 1288 nunc
370 1223 465 1287 Asia
486 1223 583 1292 tote.
637 1222 714 1289 Cum
737 1223 769 1290 in
793 1224 957 1308 qualest
979 1223 1112 1306 (quale

49 1325 92 1402 st)
126 1327 239 1394 vocalis
273 1328 379 1394 deesse
411 1329 576 1408 videretur,
610 1349 702 1414 prave
733 1350 788 1414 pro
816 1329 993 1397 eadditum
1018 1331 1065 1394 est
1087 1328 1110 1393 i.

49 1431 149 1498 Simile
176 1434 292 1519 aliquid
326 1433 357 1499 in
381 1439 401 1516 ᾖ
423 1435 484 1498 265
517 1435 667 1502 eccidisse
702 1436 846 1502 vidimus.
891 1436 957 1520 [Sic
987 1437 1048 1502 iam
1076 1435 1108 1500 in

49 1537 174 1606 editione
196 1529 325 1627 antiqua
346 1541 597 1627 Norimbergensi
620 1541 713 1608 scribi
735 1543 816 1626 apud
835 1541 987 1608 Orellmm
1014 1561 1111 1608 anno-

13 1647 14 1650 ’
48 1645 150 1728 tatur]

491 1858 578 1942 Gap.
602 1859 649 1927 II.

404 2011 544 2068 Ciceronis
563 2013 744 2083 crationes.*)

138 2161 202 2230 Pro
218 2161 364 2239 Quinctio
381 2165 421 2228 63
442 2165 509 2241 (ubi
531 2165 692 2252 redarguit
706 2167 809 2232 orator
821 2165 920 2231 Naevii
943 2167 1109 2251 quarelam,

47 2263 219 2344 Quinctium
254 2269 402 2338 iudicium
437 2292 497 2338 non
513 2357 515 2361 Ι
533 2275 687 2355 accepisse
725 2291 780 2338 nec
817 2271 975 2338 defensum
1013 2279 1110 2348 esset:

49 2371 321 2458 Postulabam,
343 2377 656 2461 inquitffleevius),
679 2379 723 2445 nt
743 2375 1110 2456 satisdaretbluino·

48 2479 122 2560 tius).
145 2519 187 2531 -
209 2483 368 2549 Iniuria
389 2485 648 2567 postulabas;
677 2486 736 2551 ita
757 2484 966 2561 videbare,
998 2501 1108 2548 recu·

48 2588 156 2654 sabat
176 2588 354 2656 Alfenus.
370 2592 506 2666 -Ita,
529 2609 661 2658 verum
683 2593 831 2675 praetor
852 2589 1107 2657 decernebat

48 2689 189 2777 Corrupto
210 2713 278 2761 esse
299 2697 394 2763 verba
421 2696 480 2764 ita
502 2698 706 2778 videbare,
739 2698 939 2765 manitestum
961 2700 1010 2764 eat
1024 2701 1055 2763 et
1070 2697 1110 2762 ob

48 2798 108 2865 aliis
140 2800 352 2880 intellectum
385 2823 456 2869 nam
486 2805 522 2870 ut
543 2802 690 2870 orattonis
712 2804 845 2872 formam
866 2806 1017 2877 omittam,
1040 2823 1108 2887 quae

49 2908 231 2986 reela-esset,
247 2913 273 2974 si
289 2910 491 2976 scriberetur:
513 2911 672 2978 Iniuria
693 2912 896 2995 postulare
911 2911 1108 2988 videbare,

49 3028 110 3087 non,
132 3014 206 3097 quid
228 3015 330 3082 nasale
352 3016 403 3082 eui
424 3018 526 3084 visum
548 3017 599 3097 sit,
622 3018 727 3084 Gleero
750 3017 836 3097 dicit,
853 3017 909 3083 sed
924 3015 1108 3099 simplicIter

48 3117 174 3186 affirmat
188 3121 330 3186 Naevium
349 3121 472 3196 iniuria.
495 3127 530 3191 ut
550 3124 761 3202 satisdaretur,
784 3123 970 3206 postulasse.
1005 3121 1108 3206 Scrip-

95 3362 120 3434 *)
137 3365 169 3420 In
188 3364 362 3449 orationibus
376 3364 513 3421 Ciceronis
524 3380 575 3435 pro
589 3365 724 3434 Quinctio,
738 3380 788 3434 pro
802 3361 911 3419 Ooecina
924 3366 1109 3430 quattuorque

138 3457 267 3515 extremis
291 3458 506 3528 PhilippIcerum
528 3459 693 3514 coniecturae
713 3457 838 3527 quaedam
857 3471 926 3513 meae
943 3453 1017 3522 apud
1034 3453 1108 3524 Kap-

138 3567 229 3608 serum
239 3551 268 3606 in
278 3556 409 3607 contextu
417 3553 517 3622 positae
528 3552 613 3607 autin
622 3552 797 3608 annotatione
808 3551 1026 3606 commemoratae
1036 3552 1109 3614 sunt,

136 3645 214 3700 nullo
243 3643 338 3699 addito
366 3644 476 3713 indicio,
504 3644 551 3699 ubi
584 3644 667 3702 editae
692 3660 769 3700 ame
788 3643 985 3713 explieateeque
1006 3644 1108 3696 essent.

136 3737 263 3794 Breviter
291 3737 377 3806 igitur
404 3736 611 3806 significandum
628 3744 704 3807 puto,
728 3753 821 3792 earum
840 3749 938 3792 causes
957 3733 1110 3803 explicatas

137 3845 198 3885 esse
226 3829 255 3884 in
282 3829 400 3899 epistola
418 3830 454 3886 ad
477 3829 625 3898 Halmium,
649 3845 710 3899 quae
728 3829 833 3884 inserta
850 3828 951 3896 legitur
970 3824 1107 3881 annaIIum

136 3921 369 3992 philologicorum
395 3921 581 3992 Lipsiensium
608 3915 738 3975 volumini
764 3921 883 3975 LXXIII
913 3937 939 3989 p.
968 3918 1019 3972 117
1047 3931 1106 3983 sqq.

136 4015 250 4072 Attendi
261 4015 378 4073 maxime
391 4015 471 4086 cupio
485 4013 520 4068 ad
534 4027 575 4080 ea,
595 4027 656 4079 quae
669 4012 703 4067 de
716 4011 731 4081 ἓ
746 4011 763 4066 2
783 4013 917 4067 orellonis
935 4027 985 4080 pro
999 4008 1111 4063 Caeeiua

136 4108 282 4180 disputari.
