2712 4576
271 227 331 290 m
629 225 895 296 mmmm

229 424 443 506 Pompeius
484 443 523 489 se
560 424 762 507 legionem
798 404 1082 498 abducturum,
1119 419 1185 484 sed
1224 437 1310 484 non
1348 469 1349 476 ,

229 532 370 597 stetim
394 532 464 597 sub
489 532 732 596 mentionem
763 531 802 593 et
832 528 1059 595 convicium
1088 526 1309 592 obtrecta-

229 639 369 703 torum.
427 635 555 703 Sublato
589 639 743 721 postremo
775 636 841 702 loco
876 635 1016 718 Pompeii
1049 633 1180 710 nomine,
1216 629 1309 714 quod

230 761 329 809 errore
361 743 553 827 geminatum
586 746 642 821 est,
676 743 773 809 oratio
808 742 855 808 sic
886 739 1130 825 interpungendo
1161 738 1227 804 est:
1259 773 1309 783 -

230 847 381 915 mentio
403 849 511 916 lacto
533 855 594 916 ost
620 850 666 916 de
688 850 852 934 legione
874 867 934 928 ea,
957 861 1308 931 quemerpensaru

229 955 330 1021 tulit
364 955 396 1021 Ο.
428 955 576 1023 (laesuri
606 955 839 1045 Pompeius,
872 973 946 1040 quo
978 971 1139 1020 numero
1170 953 1309 1027 esset,

230 1061 359 1144 quoad
391 1064 617 1144 peteretur,
650 1081 734 1128 cum
765 1070 838 1145 (qua
868 1059 1034 1138 occasione,
1065 1067 1125 1142 quo
1146 1059 1309 1142 tempore)

229 1168 459 1252 Pompeius,
494 1186 582 1234 esse
614 1169 653 1234 in
688 1167 843 1246 Gallia,
874 1168 1040 1234 coaetus
1062 1167 1125 1231 ost
1146 1164 1307 1239 dicere;

230 1295 268 1342 se
290 1275 491 1358 legionem
513 1273 781 1340 abducturum
804 1275 863 1340 cet.

330 1379 409 1445 Ibid.
434 1381 462 1458 9,
487 1381 522 1446 1:
545 1381 640 1446 Post
667 1380 872 1463 repulsam
901 1398 993 1446 vero
1024 1379 1160 1457 (Hirrus)
1190 1375 1306 1440 risus

229 1487 347 1565 facit;
381 1487 507 1553 ciuem
540 1487 681 1552 bonum
715 1486 826 1552 ludit
859 1488 898 1552 et
931 1487 1072 1552 contra
1105 1483 1305 1549 Oaesarem

230 1593 462 1660 sententias
485 1591 605 1670 dicit;
629 1593 977 1676 exspectationem
1001 1588 1192 1678 corripit;
1223 1587 1305 1654 Ou-

230 1701 381 1765 rionem
415 1717 581 1781 prorsus
614 1701 819 1766 curionem
849 1717 923 1764 non
945 1696 1210 1763 mediocriter
1232 1695 1306 1760 ob-

230 1806 419 1889 iurgatus
441 1823 483 1871 ac
504 1806 670 1888 repulsa
691 1825 732 1872 se
754 1805 940 1872 mutavit.
996 1803 1189 1887 Quamquam
1212 1798 1306 1866 Geslii

233 1911 379 1994 epistolas
408 1914 532 1993 propter
558 1913 659 1977 totum
688 1912 834 1979 orationis
863 1915 894 1978 et
924 1908 1080 1977 scribendi
1106 1925 1204 1993 genus
1227 1925 1306 1974 cau·

231 2016 353 2082 tissime
388 2017 541 2103 attingere
577 2019 707 2099 oportet,
749 2017 956 2085 certissimum
993 2017 1097 2082 tamen
1134 2015 1183 2079 est
1218 2013 1306 2078 inter

231 2121 381 2188 Caesarem
404 2127 435 2188 et
457 2125 621 2191 Curionem
642 2126 761 2205 impetu
784 2121 868 2188 Hirri
887 2123 1000 2206 petitos
1022 2140 1115 2204 prave
1136 2110 1304 2202 interponi,

231 2230 269 2294 ab
291 2247 327 2295 eo
349 2234 519 2314 correptam
542 2230 813 2315 exspectationem,
843 2247 940 2311 nequo
968 2229 1008 2296 iis
1036 2225 1176 2295 artificiis
1204 2225 1305 2292 fidem

230 2335 342 2402 habere
363 2355 499 2419 possum,
523 2356 591 2421 quae
612 2335 800 2403 adhibentur
820 2336 1060 2419 interpretandis
1081 2332 1202 2400 verbis:
1225 2331 1305 2397 Gu·

230 2442 383 2508 rionem
406 2463 570 2526 prorsus
593 2443 805 2508 curionem.
849 2440 1304 2524 Videtucheliusscripsisre:
1350 2417 1351 2510 l

231 2551 371 2614 contra
406 2547 600 2615 Caesarem
635 2548 867 2614 sententias
900 2548 1019 2629 dicit,
1059 2547 1305 2635 exspectatione

232 2655 408 2737 corripit
429 2654 641 2721 Curionem
659 2654 730 2732 (hoc
749 2655 806 2734 ost
822 2654 1046 2738 exspectatione
1061 2673 1167 2721 earum
1187 2672 1303 2732 rerum,

233 2779 309 2840 quas
332 2760 423 2825 Curio
445 2761 586 2827 tribunus
615 2764 740 2826 acturus
765 2761 824 2839 sit;
856 2762 991 2828 nondum
1020 2763 1102 2828 enim
1131 2759 1303 2844 quidquam

233 2864 324 2930 Curio
346 2868 482 2949 egerat);
506 2863 672 2948 prorsus
694 2868 848 2945 (heccum
865 2868 1090 2935 asseveratione
1105 2866 1304 2950 adiungitur)

233 2971 444 3037 Curionem
473 2991 546 3038 non
575 2972 838 3041 mediocriter
867 2973 1038 3060 obiurgat
1068 2974 1114 3041 sio
1134 2973 1305 3055 repulsa

232 3095 272 3141 se
294 3079 477 3144 mutavit

332 3194 411 3262 Ibid.
437 3199 486 3277 10,
508 3198 543 3262 2:
568 3196 762 3264 Consules
795 3201 944 3278 autem,
975 3199 1071 3284 quia
1091 3198 1302 3276 verentur,

233 3322 278 3367 ne
310 3301 415 3369 illud
448 3305 615 3370 senatus
648 3304 876 3371 consultum
908 3304 1003 3384 liet,
1037 3309 1078 3372 ut
1109 3305 1303 3389 paludati

234 3412 387 3489 exeant,
403 3411 752 3477 etcontumolioee
773 3411 920 3494 prater
939 3430 1005 3477 eos
1027 3413 1074 3478 ad
1092 3411 1217 3479 alium
1238 3430 1303 3477 res

233 3517 526 3594 transferetur,
544 3516 701 3583 omuino
719 3520 902 3583 sonatum
920 3517 1060 3584 haberi
1078 3519 1224 3585 nolunt
1240 3519 1301 3584 cet.

233 3619 346 3686 (ieelim
370 3621 543 3706 significare
576 3622 705 3702 videtur,
738 3625 878 3691 consules
910 3624 995 3707 ipsos
1030 3623 1106 3690 belli
1137 3625 1301 3708 periculosi

233 3725 533 3794 administrationem
569 3728 666 3795 vitare
701 3749 821 3814 cupere,
854 3731 886 3796 et
916 3732 1021 3796 tamen
1050 3731 1158 3810 vereri,
1196 3749 1246 3811 ne,
1275 3731 1301 3796 si

233 3833 308 3914 ipsis
341 3833 507 3914 preteritis
541 3835 617 3901 belli
638 3835 866 3904 administratio
891 3836 960 3903 aliie
982 3835 1155 3917 mandetur,
1186 3836 1221 3901 id
1243 3837 1300 3904 eibi

234 3939 375 4006 dedecori
408 3940 458 4019 sit
491 3941 621 4024 ideoque
652 3941 685 4007 id
717 3961 816 4028 agero,
854 3961 891 4008 ne
926 3942 1000 4026 qnid
1037 3939 1160 4008 omniuo
1194 3940 1233 4006 de
1266 3959 1301 4006 ee

110 4101 112 4105 .
235 4065 266 4110 re
303 4044 494 4111 decernatur.
553 4046 754 4114 scribendum
794 4049 891 4133 igitur
924 4049 1065 4114 videtur:
1102 4045 1299 4112 Consules
