<?xml version="1.0" encoding="UTF-8"?>
<!DOCTYPE html PUBLIC "-//W3C//DTD XHTML 1.0 Transitional//EN"
    "http://www.w3.org/TR/xhtml1/DTD/xhtml1-transitional.dtd">
<html xmlns="http://www.w3.org/1999/xhtml" xml:lang="en" lang="en">
 <head>
  <title>
</title>
<meta http-equiv="Content-Type" content="text/html;charset=utf-8" />
  <meta name='ocr-system' content='tesseract 3.04.00' />
  <meta name='ocr-capabilities' content='ocr_page ocr_carea ocr_par ocr_line ocrx_word'/>
</head>
<body>
  <div class='ocr_page' id='page_1' title='image "./adversariacriti01madvgoog_0211.png"; bbox 0 0 2740 4572; ppageno 0'>
   <div class='ocr_carea' id='block_1_1' title="bbox 296 207 921 278">
    <p class='ocr_par' dir='ltr' id='par_1_1' title="bbox 296 207 921 278">
     <span class='ocr_line' id='line_1_1' title="bbox 296 207 921 278; baseline -0.01 -8"><span class='ocrx_word' id='word_1_1' title='bbox 296 207 357 272; x_wconf 79' lang='lat'><strong>200</strong></span> <span class='ocrx_word' id='word_1_2' title='bbox 654 207 714 264; x_wconf 85' lang='lat' dir='ltr'><strong>Lib.</strong></span> <span class='ocrx_word' id='word_1_3' title='bbox 732 207 769 262; x_wconf 93' lang='lat' dir='ltr'><strong>ll.</strong></span> <span class='ocrx_word' id='word_1_4' title='bbox 788 208 853 278; x_wconf 82' lang='lat' dir='ltr'><strong>Cap.</strong></span> <span class='ocrx_word' id='word_1_5' title='bbox 868 207 921 264; x_wconf 90' lang='grc' dir='ltr'><strong>ΠΙ.</strong></span> 
     </span>
    </p>
   </div>
   <div class='ocr_carea' id='block_1_2' title="bbox 167 395 1346 4097">
    <p class='ocr_par' dir='ltr' id='par_1_2' title="bbox 167 395 1346 3026">
     <span class='ocr_line' id='line_1_2' title="bbox 254 395 1290 484; baseline -0.007 -16"><span class='ocrx_word' id='word_1_6' title='bbox 254 404 443 469; x_wconf 78' lang='lat' dir='ltr'><strong>hibetur?</strong></span> <span class='ocrx_word' id='word_1_7' title='bbox 464 404 601 484; x_wconf 78' lang='lat' dir='ltr'>Frustra,</span> <span class='ocrx_word' id='word_1_8' title='bbox 623 405 660 470; x_wconf 88' lang='lat' dir='ltr'><strong>ut</strong></span> <span class='ocrx_word' id='word_1_9' title='bbox 680 421 763 470; x_wconf 91' lang='lat' dir='ltr'><strong>nunc</strong></span> <span class='ocrx_word' id='word_1_10' title='bbox 783 401 928 470; x_wconf 80' lang='lat' dir='ltr'><strong>scribitur</strong></span> <span class='ocrx_word' id='word_1_11' title='bbox 941 403 1037 481; x_wconf 85' lang='lat' dir='ltr'><strong>locus,</strong></span> <span class='ocrx_word' id='word_1_12' title='bbox 1052 403 1144 467; x_wconf 88' lang='lat' dir='ltr'><strong>huius</strong></span> <span class='ocrx_word' id='word_1_13' title='bbox 1159 395 1290 466; x_wconf 72' lang='lat' dir='ltr'><strong>scutulis</strong></span> 
     </span>
     <span class='ocr_line' id='line_1_3' title="bbox 254 506 1291 593; baseline -0.006 -21"><span class='ocrx_word' id='word_1_14' title='bbox 254 507 377 574; x_wconf 88' lang='lat' dir='ltr'><strong>initium</strong></span> <span class='ocrx_word' id='word_1_15' title='bbox 408 507 605 588; x_wconf 75' lang='lat' dir='ltr'><strong>(Ceterum</strong></span> <span class='ocrx_word' id='word_1_16' title='bbox 638 510 905 593; x_wconf 74' lang='lat' dir='ltr'>nequicquam</span> <span class='ocrx_word' id='word_1_17' title='bbox 936 508 1112 592; x_wconf 89' lang='lat' dir='ltr'><strong>perierit</strong></span> <span class='ocrx_word' id='word_1_18' title='bbox 1142 506 1291 584; x_wconf 74' lang='lat' dir='ltr'><strong>illeloun</strong></span> 
     </span>
     <span class='ocr_line' id='line_1_4' title="bbox 256 612 1294 698; baseline -0.008 -18"><span class='ocrx_word' id='word_1_19' title='bbox 256 614 337 681; x_wconf 85' lang='lat' dir='ltr'><strong>exitu</strong></span> <span class='ocrx_word' id='word_1_20' title='bbox 369 615 494 692; x_wconf 92' lang='lat' dir='ltr'><strong>(nullu</strong></span> <span class='ocrx_word' id='word_1_21' title='bbox 528 634 621 682; x_wconf 94' lang='lat' dir='ltr'><strong>cura</strong></span> <span class='ocrx_word' id='word_1_22' title='bbox 655 614 890 692; x_wconf 90' lang='lat' dir='ltr'><strong>adhibetur)</strong></span> <span class='ocrx_word' id='word_1_23' title='bbox 923 615 1110 698; x_wconf 88' lang='lat' dir='ltr'><strong>coniungere</strong></span> <span class='ocrx_word' id='word_1_24' title='bbox 1145 630 1247 678; x_wconf 88' lang='lat' dir='ltr'><strong>oonere</strong></span> <span class='ocrx_word' id='word_1_25' title='bbox 1272 612 1294 672; x_wconf 88' lang='lat' dir='ltr'><strong>ct</strong></span> 
     </span>
     <span class='ocr_line' id='line_1_5' title="bbox 256 716 1295 805; baseline 0.002 -19"><span class='ocrx_word' id='word_1_26' title='bbox 256 721 443 786; x_wconf 77' lang='lat' dir='ltr'><strong>structuram</strong></span> <span class='ocrx_word' id='word_1_27' title='bbox 476 721 611 805; x_wconf 81' lang='lat' dir='ltr'><strong>aliquam</strong></span> <span class='ocrx_word' id='word_1_28' title='bbox 644 722 804 787; x_wconf 83' lang='lat' dir='ltr'><strong>verborum</strong></span> <span class='ocrx_word' id='word_1_29' title='bbox 840 721 970 788; x_wconf 82' lang='lat' dir='ltr'><strong>efficere.</strong></span> <span class='ocrx_word' id='word_1_30' title='bbox 1013 721 1111 786; x_wconf 86' lang='lat' dir='ltr'><strong>Recte</strong></span> <span class='ocrx_word' id='word_1_31' title='bbox 1132 720 1230 784; x_wconf 92' lang='lat' dir='ltr'><strong>oratio</strong></span> <span class='ocrx_word' id='word_1_32' title='bbox 1248 716 1295 788; x_wconf 83' lang='lat' dir='ltr'><strong>erit</strong></span> 
     </span>
     <span class='ocr_line' id='line_1_6' title="bbox 256 822 1296 910; baseline -0.007 -18"><span class='ocrx_word' id='word_1_33' title='bbox 256 825 325 901; x_wconf 84' lang='lat' dir='ltr'><strong>etsi,</strong></span> <span class='ocrx_word' id='word_1_34' title='bbox 347 827 429 910; x_wconf 92' lang='lat' dir='ltr'><strong>quod</strong></span> <span class='ocrx_word' id='word_1_35' title='bbox 449 827 480 891; x_wconf 93' lang='lat' dir='ltr'><strong>in</strong></span> <span class='ocrx_word' id='word_1_36' title='bbox 503 827 600 892; x_wconf 90' lang='lat' dir='ltr'><strong>Bruto</strong></span> <span class='ocrx_word' id='word_1_37' title='bbox 622 826 780 893; x_wconf 87' lang='lat' dir='ltr'><strong>ferendum</strong></span> <span class='ocrx_word' id='word_1_38' title='bbox 805 831 862 906; x_wconf 90' lang='lat' dir='ltr'><strong>est,</strong></span> <span class='ocrx_word' id='word_1_39' title='bbox 878 827 970 910; x_wconf 89' lang='lat' dir='ltr'><strong>paulo</strong></span> <span class='ocrx_word' id='word_1_40' title='bbox 985 827 1094 892; x_wconf 91' lang='lat' dir='ltr'><strong>durius</strong></span> <span class='ocrx_word' id='word_1_41' title='bbox 1109 822 1296 908; x_wconf 77' lang='lat' dir='ltr'><strong>implicatnsi</strong></span> 
     </span>
     <span class='ocr_line' id='line_1_7' title="bbox 256 929 1297 1017; baseline -0.007 -19"><span class='ocrx_word' id='word_1_42' title='bbox 256 932 301 1000; x_wconf 92' lang='lat' dir='ltr'><strong>sio</strong></span> <span class='ocrx_word' id='word_1_43' title='bbox 320 932 550 1015; x_wconf 87' lang='lat' dir='ltr'><strong>scripserimus:</strong></span> <span class='ocrx_word' id='word_1_44' title='bbox 573 932 759 999; x_wconf 75' lang='lat' dir='ltr'><strong>Cauarum</strong></span> <span class='ocrx_word' id='word_1_45' title='bbox 780 936 904 1016; x_wconf 91' lang='lat' dir='ltr'><strong>&lt;ue&gt;</strong></span> <span class='ocrx_word' id='word_1_46' title='bbox 926 932 1192 1017; x_wconf 78' lang='lat' dir='ltr'><strong>nequicquam</strong></span> <span class='ocrx_word' id='word_1_47' title='bbox 1215 929 1297 1013; x_wconf 89' lang='lat' dir='ltr'><strong>peri·</strong></span> 
     </span>
     <span class='ocr_line' id='line_1_8' title="bbox 257 1034 1298 1124; baseline -0.01 -18"><span class='ocrx_word' id='word_1_48' title='bbox 257 1039 337 1106; x_wconf 89' lang='lat' dir='ltr'><strong>erit</strong></span> <span class='ocrx_word' id='word_1_49' title='bbox 364 1039 454 1118; x_wconf 92' lang='lat' dir='ltr'><strong>ille,</strong></span> <span class='ocrx_word' id='word_1_50' title='bbox 483 1038 598 1106; x_wconf 91' lang='lat' dir='ltr'><strong>cuius</strong></span> <span class='ocrx_word' id='word_1_51' title='bbox 627 1038 803 1106; x_wconf 87' lang='lat' dir='ltr'><strong>interitu</strong></span> <span class='ocrx_word' id='word_1_52' title='bbox 832 1041 928 1124; x_wconf 90' lang='lat' dir='ltr'><strong>quid</strong></span> <span class='ocrx_word' id='word_1_53' title='bbox 957 1038 1090 1123; x_wconf 85' lang='lat' dir='ltr'><strong>gavisi</strong></span> <span class='ocrx_word' id='word_1_54' title='bbox 1113 1034 1298 1112; x_wconf 90' lang='lat' dir='ltr'><strong>sumne,si</strong></span> 
     </span>
     <span class='ocr_line' id='line_1_9' title="bbox 257 1140 1301 1221; baseline -0.011 -9"><span class='ocrx_word' id='word_1_55' title='bbox 257 1147 414 1212; x_wconf 90' lang='lat' dir='ltr'><strong>mortuo</strong></span> <span class='ocrx_word' id='word_1_56' title='bbox 445 1145 578 1212; x_wconf 86' lang='lat' dir='ltr'><strong>nihilo</strong></span> <span class='ocrx_word' id='word_1_57' title='bbox 610 1144 741 1211; x_wconf 90' lang='lat' dir='ltr'><strong>minus</strong></span> <span class='ocrx_word' id='word_1_58' title='bbox 773 1140 973 1212; x_wconf 84' lang='lat' dir='ltr'><strong>servituri</strong></span> <span class='ocrx_word' id='word_1_59' title='bbox 1004 1163 1179 1221; x_wconf 88' lang='lat' dir='ltr'><strong>cramus,</strong></span> <span class='ocrx_word' id='word_1_60' title='bbox 1209 1140 1301 1208; x_wconf 84' lang='lat' dir='ltr'><strong>nulla</strong></span> 
     </span>
     <span class='ocr_line' id='line_1_10' title="bbox 258 1247 1302 1336; baseline -0.006 -20"><span class='ocrx_word' id='word_1_61' title='bbox 258 1268 353 1316; x_wconf 89' lang='lat' dir='ltr'><strong>cura</strong></span> <span class='ocrx_word' id='word_1_62' title='bbox 386 1250 615 1317; x_wconf 80' lang='lat' dir='ltr'><strong>adhibetur.</strong></span> <span class='ocrx_word' id='word_1_63' title='bbox 675 1251 779 1336; x_wconf 85' lang='lat' dir='ltr'><strong>Negat</strong></span> <span class='ocrx_word' id='word_1_64' title='bbox 811 1253 927 1318; x_wconf 90' lang='lat' dir='ltr'><strong>Brutus</strong></span> <span class='ocrx_word' id='word_1_65' title='bbox 959 1271 1062 1317; x_wconf 87' lang='lat' dir='ltr'><strong>curam</strong></span> <span class='ocrx_word' id='word_1_66' title='bbox 1096 1247 1248 1326; x_wconf 81' lang='lat' dir='ltr'><strong>adhiberi,</strong></span> <span class='ocrx_word' id='word_1_67' title='bbox 1275 1264 1302 1309; x_wconf 90' lang='lat' dir='ltr'><strong>ua</strong></span> 
     </span>
     <span class='ocr_line' id='line_1_11' title="bbox 257 1352 1304 1440; baseline -0.008 -18"><span class='ocrx_word' id='word_1_68' title='bbox 257 1357 372 1424; x_wconf 80' lang='lat' dir='ltr'><strong>frustra</strong></span> <span class='ocrx_word' id='word_1_69' title='bbox 392 1359 442 1434; x_wconf 90' lang='lat' dir='ltr'><strong>(ut</strong></span> <span class='ocrx_word' id='word_1_70' title='bbox 462 1361 545 1423; x_wconf 90' lang='lat' dir='ltr'><strong>recte</strong></span> <span class='ocrx_word' id='word_1_71' title='bbox 568 1358 600 1422; x_wconf 89' lang='lat' dir='ltr'><strong>et</strong></span> <span class='ocrx_word' id='word_1_72' title='bbox 620 1357 752 1435; x_wconf 86' lang='lat' dir='ltr'><strong>utiliter)</strong></span> <span class='ocrx_word' id='word_1_73' title='bbox 772 1358 899 1440; x_wconf 89' lang='lat' dir='ltr'><strong>perierit</strong></span> <span class='ocrx_word' id='word_1_74' title='bbox 912 1358 1025 1424; x_wconf 81' lang='lat' dir='ltr'><strong>(laser.</strong></span> <span class='ocrx_word' id='word_1_75' title='bbox 1066 1357 1205 1421; x_wconf 85' lang='lat' dir='ltr'><strong>Durities</strong></span> <span class='ocrx_word' id='word_1_76' title='bbox 1227 1352 1304 1420; x_wconf 89' lang='lat' dir='ltr'><strong>oritur</strong></span> 
     </span>
     <span class='ocr_line' id='line_1_12' title="bbox 258 1461 1305 1548; baseline -0.005 -20"><span class='ocrx_word' id='word_1_77' title='bbox 258 1481 295 1528; x_wconf 85' lang='lat' dir='ltr'><strong>ex</strong></span> <span class='ocrx_word' id='word_1_78' title='bbox 309 1482 356 1540; x_wconf 92' lang='lat' dir='ltr'><strong>co,</strong></span> <span class='ocrx_word' id='word_1_79' title='bbox 371 1462 452 1546; x_wconf 91' lang='lat' dir='ltr'><strong>quod</strong></span> <span class='ocrx_word' id='word_1_80' title='bbox 465 1463 603 1529; x_wconf 82' lang='lat' dir='ltr'><strong>relatirae</strong></span> <span class='ocrx_word' id='word_1_81' title='bbox 617 1464 776 1529; x_wconf 86' lang='lat' dir='ltr'><strong>sententiae</strong></span> <span class='ocrx_word' id='word_1_82' title='bbox 793 1465 907 1529; x_wconf 76' lang='lat' dir='ltr'><strong>brutus</strong></span> <span class='ocrx_word' id='word_1_83' title='bbox 922 1465 1180 1548; x_wconf 83' lang='lat' dir='ltr'><strong>interrogativum</strong></span> <span class='ocrx_word' id='word_1_84' title='bbox 1194 1461 1305 1526; x_wconf 86' lang='lat' dir='ltr'><strong>formam</strong></span> 
     </span>
     <span class='ocr_line' id='line_1_13' title="bbox 167 1557 1306 1653; baseline -0.005 -20"><span class='ocrx_word' id='word_1_85' title='bbox 167 1557 169 1561; x_wconf 68' lang='grc'><strong>’</strong></span> <span class='ocrx_word' id='word_1_86' title='bbox 259 1567 356 1644; x_wconf 87' lang='lat' dir='ltr'><strong>dedit,</strong></span> <span class='ocrx_word' id='word_1_87' title='bbox 388 1588 457 1653; x_wconf 86' lang='lat' dir='ltr'><strong>quae</strong></span> <span class='ocrx_word' id='word_1_88' title='bbox 488 1570 609 1652; x_wconf 89' lang='lat' dir='ltr'><strong>poterat</strong></span> <span class='ocrx_word' id='word_1_89' title='bbox 641 1570 814 1652; x_wconf 84' lang='lat' dir='ltr'><strong>simplicius</strong></span> <span class='ocrx_word' id='word_1_90' title='bbox 846 1570 892 1636; x_wconf 92' lang='lat' dir='ltr'><strong>sio</strong></span> <span class='ocrx_word' id='word_1_91' title='bbox 925 1568 1045 1635; x_wconf 81' lang='lat' dir='ltr'><strong>efferri:</strong></span> <span class='ocrx_word' id='word_1_92' title='bbox 1079 1570 1167 1635; x_wconf 90' lang='lat' dir='ltr'><strong>ouius</strong></span> <span class='ocrx_word' id='word_1_93' title='bbox 1198 1565 1306 1632; x_wconf 84' lang='lat' dir='ltr'><strong>interitu</strong></span> 
     </span>
     <span class='ocr_line' id='line_1_14' title="bbox 259 1672 1307 1758; baseline -0.002 -20"><span class='ocrx_word' id='word_1_94' title='bbox 259 1672 325 1739; x_wconf 92' lang='lat' dir='ltr'><strong>sine</strong></span> <span class='ocrx_word' id='word_1_95' title='bbox 346 1693 439 1740; x_wconf 89' lang='lat' dir='ltr'><strong>causa</strong></span> <span class='ocrx_word' id='word_1_96' title='bbox 459 1675 558 1758; x_wconf 88' lang='lat' dir='ltr'><strong>gavisi</strong></span> <span class='ocrx_word' id='word_1_97' title='bbox 579 1695 696 1755; x_wconf 88' lang='lat' dir='ltr'><strong>sumus,</strong></span> <span class='ocrx_word' id='word_1_98' title='bbox 719 1677 746 1742; x_wconf 90' lang='lat' dir='ltr'><strong>si</strong></span> <span class='ocrx_word' id='word_1_99' title='bbox 767 1681 824 1743; x_wconf 86' lang='lat' dir='ltr'><strong>cet.</strong></span> <span class='ocrx_word' id='word_1_100' title='bbox 872 1675 968 1742; x_wconf 89' lang='lat' dir='ltr'><strong>Paulo</strong></span> <span class='ocrx_word' id='word_1_101' title='bbox 997 1679 1066 1758; x_wconf 92' lang='lat' dir='ltr'><strong>post</strong></span> <span class='ocrx_word' id='word_1_102' title='bbox 1086 1675 1181 1742; x_wconf 86' lang='lat' dir='ltr'><strong>scribi</strong></span> <span class='ocrx_word' id='word_1_103' title='bbox 1203 1673 1307 1746; x_wconf 82' lang='lat' dir='ltr'><strong>debera</strong></span> 
     </span>
     <span class='ocr_line' id='line_1_15' title="bbox 259 1777 1308 1864; baseline 0.001 -22"><span class='ocrx_word' id='word_1_104' title='bbox 259 1780 348 1843; x_wconf 92' lang='lat' dir='ltr'><strong>utin</strong></span> <span class='ocrx_word' id='word_1_105' title='bbox 370 1780 509 1864; x_wconf 88' lang='lat' dir='ltr'><strong>margine</strong></span> <span class='ocrx_word' id='word_1_106' title='bbox 531 1779 675 1848; x_wconf 86' lang='lat' dir='ltr'><strong>editionis</strong></span> <span class='ocrx_word' id='word_1_107' title='bbox 697 1782 905 1848; x_wconf 77' lang='lat' dir='ltr'><strong>Cratandrina</strong></span> <span class='ocrx_word' id='word_1_108' title='bbox 933 1782 1090 1847; x_wconf 86' lang='lat' dir='ltr'><strong>scribitur:</strong></span> <span class='ocrx_word' id='word_1_109' title='bbox 1112 1781 1233 1861; x_wconf 78' lang='lat' dir='ltr'><strong>Quam</strong></span> <span class='ocrx_word' id='word_1_110' title='bbox 1261 1777 1308 1856; x_wconf 84' lang='lat' dir='ltr'><strong>(ri-</strong></span> 
     </span>
     <span class='ocr_line' id='line_1_16' title="bbox 258 1884 1309 1971; baseline -0.001 -21"><span class='ocrx_word' id='word_1_111' title='bbox 258 1888 348 1963; x_wconf 84' lang='lat' dir='ltr'><strong>tum),</strong></span> <span class='ocrx_word' id='word_1_112' title='bbox 370 1884 432 1952; x_wconf 86' lang='lat' dir='ltr'><strong>uisi</strong></span> <span class='ocrx_word' id='word_1_113' title='bbox 454 1886 500 1963; x_wconf 90' lang='lat' dir='ltr'><strong>(M</strong></span> <span class='ocrx_word' id='word_1_114' title='bbox 523 1887 555 1950; x_wconf 91' lang='lat' dir='ltr'><strong>et</strong></span> <span class='ocrx_word' id='word_1_115' title='bbox 577 1886 729 1955; x_wconf 87' lang='lat' dir='ltr'><strong>editiones</strong></span> <span class='ocrx_word' id='word_1_116' title='bbox 751 1887 797 1966; x_wconf 88' lang='lat' dir='ltr'><strong>si)</strong></span> <span class='ocrx_word' id='word_1_117' title='bbox 823 1890 936 1971; x_wconf 87' lang='lat' dir='ltr'><strong>prius</strong></span> <span class='ocrx_word' id='word_1_118' title='bbox 958 1887 1210 1954; x_wconf 91' lang='lat' dir='ltr'><strong>dimittimus</strong></span> <span class='ocrx_word' id='word_1_119' title='bbox 1233 1885 1309 1968; x_wconf 89' lang='lat' dir='ltr'><strong>dig·</strong></span> 
     </span>
     <span class='ocr_line' id='line_1_17' title="bbox 260 1985 1342 2086; baseline -0.002 -30"><span class='ocrx_word' id='word_1_120' title='bbox 260 1992 431 2056; x_wconf 90' lang='lat' dir='ltr'><strong>nitatem</strong></span> <span class='ocrx_word' id='word_1_121' title='bbox 453 1992 493 2056; x_wconf 93' lang='lat' dir='ltr'><strong>et</strong></span> <span class='ocrx_word' id='word_1_122' title='bbox 513 1991 767 2072; x_wconf 87' lang='lat' dir='ltr'><strong>libertatern,</strong></span> <span class='ocrx_word' id='word_1_123' title='bbox 791 1994 858 2086; x_wconf 82' lang='lat' dir='ltr'><strong>qui</strong></span> <span class='ocrx_word' id='word_1_124' title='bbox 880 2011 1092 2077; x_wconf 90' lang='lat' dir='ltr'><strong>possumus</strong></span> <span class='ocrx_word' id='word_1_125' title='bbox 1114 1991 1309 2074; x_wconf 81' lang='lat' dir='ltr'><strong>accipere?</strong></span> <span class='ocrx_word' id='word_1_126' title='bbox 1340 1985 1342 2070; x_wconf 61' lang='lat'><strong>¹,</strong></span> 
     </span>
     <span class='ocr_line' id='line_1_18' title="bbox 243 2093 1344 2184; baseline -0.002 -22"><span class='ocrx_word' id='word_1_127' title='bbox 243 2097 336 2163; x_wconf 84' lang='lat' dir='ltr'><strong>adeo</strong></span> <span class='ocrx_word' id='word_1_128' title='bbox 357 2099 406 2164; x_wconf 92' lang='lat' dir='ltr'><strong>est</strong></span> <span class='ocrx_word' id='word_1_129' title='bbox 426 2098 624 2165; x_wconf 83' lang='lat' dir='ltr'><strong>manifestum</strong></span> <span class='ocrx_word' id='word_1_130' title='bbox 648 2106 696 2177; x_wconf 85' lang='lat'><strong>(-</strong></span> <span class='ocrx_word' id='word_1_131' title='bbox 723 2119 795 2164; x_wconf 91' lang='lat' dir='ltr'><strong>nam</strong></span> <span class='ocrx_word' id='word_1_132' title='bbox 819 2099 980 2184; x_wconf 86' lang='lat' dir='ltr'><strong>dignitatis</strong></span> <span class='ocrx_word' id='word_1_133' title='bbox 1002 2107 1033 2165; x_wconf 89' lang='lat' dir='ltr'><strong>et</strong></span> <span class='ocrx_word' id='word_1_134' title='bbox 1055 2098 1207 2166; x_wconf 87' lang='lat' dir='ltr'><strong>libertatis</strong></span> <span class='ocrx_word' id='word_1_135' title='bbox 1228 2097 1311 2163; x_wconf 87' lang='lat' dir='ltr'><strong>amis·</strong></span> <span class='ocrx_word' id='word_1_136' title='bbox 1342 2093 1344 2178; x_wconf 60' lang='lat' dir='ltr'><strong>l</strong></span> 
     </span>
     <span class='ocr_line' id='line_1_19' title="bbox 260 2199 1346 2283; baseline -0.005 -13"><span class='ocrx_word' id='word_1_137' title='bbox 260 2204 346 2270; x_wconf 91' lang='lat' dir='ltr'><strong>sione</strong></span> <span class='ocrx_word' id='word_1_138' title='bbox 369 2205 462 2270; x_wconf 90' lang='lat' dir='ltr'><strong>vitam</strong></span> <span class='ocrx_word' id='word_1_139' title='bbox 486 2207 648 2270; x_wconf 90' lang='lat' dir='ltr'><strong>emendam</strong></span> <span class='ocrx_word' id='word_1_140' title='bbox 672 2224 739 2271; x_wconf 91' lang='lat' dir='ltr'><strong>esse</strong></span> <span class='ocrx_word' id='word_1_141' title='bbox 762 2206 878 2271; x_wconf 90' lang='lat' dir='ltr'><strong>Brutus</strong></span> <span class='ocrx_word' id='word_1_142' title='bbox 896 2205 972 2272; x_wconf 90' lang='lat' dir='ltr'><strong>dicit</strong></span> <span class='ocrx_word' id='word_1_143' title='bbox 986 2213 1052 2283; x_wconf 88' lang='lat'><strong>-),</strong></span> <span class='ocrx_word' id='word_1_144' title='bbox 1066 2205 1187 2270; x_wconf 88' lang='lat' dir='ltr'><strong>ntideo</strong></span> <span class='ocrx_word' id='word_1_145' title='bbox 1201 2205 1310 2269; x_wconf 79' lang='lat' dir='ltr'><strong>tantam</strong></span> <span class='ocrx_word' id='word_1_146' title='bbox 1344 2199 1346 2278; x_wconf 67' lang='lat'><strong>¹,</strong></span> 
     </span>
     <span class='ocr_line' id='line_1_20' title="bbox 258 2309 1311 2395; baseline -0.003 -20"><span class='ocrx_word' id='word_1_147' title='bbox 258 2311 467 2377; x_wconf 86' lang='lat' dir='ltr'><strong>annotandum</strong></span> <span class='ocrx_word' id='word_1_148' title='bbox 484 2317 599 2393; x_wconf 92' lang='lat' dir='ltr'><strong>putem,</strong></span> <span class='ocrx_word' id='word_1_149' title='bbox 611 2313 647 2376; x_wconf 91' lang='lat' dir='ltr'><strong>ut</strong></span> <span class='ocrx_word' id='word_1_150' title='bbox 661 2313 799 2395; x_wconf 88' lang='lat' dir='ltr'><strong>exemplo</strong></span> <span class='ocrx_word' id='word_1_151' title='bbox 815 2313 994 2390; x_wconf 89' lang='lat' dir='ltr'><strong>monstrem,</strong></span> <span class='ocrx_word' id='word_1_152' title='bbox 1011 2331 1104 2395; x_wconf 88' lang='lat' dir='ltr'><strong>quanr</strong></span> <span class='ocrx_word' id='word_1_153' title='bbox 1119 2309 1311 2394; x_wconf 85' lang='lat' dir='ltr'><strong>indiligenter</strong></span> 
     </span>
     <span class='ocr_line' id='line_1_21' title="bbox 258 2414 1313 2501; baseline -0.003 -19"><span class='ocrx_word' id='word_1_154' title='bbox 258 2417 306 2484; x_wconf 89' lang='lat' dir='ltr'><strong>hae</strong></span> <span class='ocrx_word' id='word_1_155' title='bbox 328 2418 467 2501; x_wconf 81' lang='lat' dir='ltr'><strong>epistola</strong></span> <span class='ocrx_word' id='word_1_156' title='bbox 481 2418 520 2483; x_wconf 91' lang='lat' dir='ltr'><strong>ab</strong></span> <span class='ocrx_word' id='word_1_157' title='bbox 536 2417 706 2485; x_wconf 88' lang='lat' dir='ltr'><strong>editoribus</strong></span> <span class='ocrx_word' id='word_1_158' title='bbox 724 2419 865 2484; x_wconf 86' lang='lat' dir='ltr'><strong>tractatae</strong></span> <span class='ocrx_word' id='word_1_159' title='bbox 879 2418 951 2482; x_wconf 90' lang='lat' dir='ltr'><strong>sint.</strong></span> <span class='ocrx_word' id='word_1_160' title='bbox 1002 2419 1036 2482; x_wconf 95' lang='lat' dir='ltr'><strong>lu</strong></span> <span class='ocrx_word' id='word_1_161' title='bbox 1059 2418 1167 2482; x_wconf 91' lang='lat' dir='ltr'><strong>cadem</strong></span> <span class='ocrx_word' id='word_1_162' title='bbox 1191 2414 1313 2499; x_wconf 89' lang='lat' dir='ltr'><strong>epistola</strong></span> 
     </span>
     <span class='ocr_line' id='line_1_22' title="bbox 260 2523 1313 2607; baseline 0.001 -22"><span class='ocrx_word' id='word_1_163' title='bbox 260 2525 279 2604; x_wconf 68' lang='grc' dir='ltr'>ξ</span> <span class='ocrx_word' id='word_1_164' title='bbox 296 2524 336 2585; x_wconf 93' lang='grc'><strong>10</strong></span> <span class='ocrx_word' id='word_1_165' title='bbox 357 2523 469 2589; x_wconf 85' lang='lat' dir='ltr'><strong>vilium</strong></span> <span class='ocrx_word' id='word_1_166' title='bbox 491 2524 648 2600; x_wconf 88' lang='lat' dir='ltr'><strong>orationis,</strong></span> <span class='ocrx_word' id='word_1_167' title='bbox 671 2523 754 2607; x_wconf 88' lang='lat' dir='ltr'><strong>quod</strong></span> <span class='ocrx_word' id='word_1_168' title='bbox 775 2523 868 2589; x_wconf 90' lang='lat' dir='ltr'><strong>estin</strong></span> <span class='ocrx_word' id='word_1_169' title='bbox 891 2524 948 2589; x_wconf 88' lang='lat' dir='ltr'><strong>heo</strong></span> <span class='ocrx_word' id='word_1_170' title='bbox 970 2523 1200 2589; x_wconf 88' lang='lat' dir='ltr'><strong>coniunctione:</strong></span> <span class='ocrx_word' id='word_1_171' title='bbox 1221 2523 1270 2587; x_wconf 80' lang='lat' dir='ltr'><strong>&#39;le</strong></span> <span class='ocrx_word' id='word_1_172' title='bbox 1284 2565 1313 2581; x_wconf 85' lang='lat'><strong>.·</strong></span> 
     </span>
     <span class='ocr_line' id='line_1_23' title="bbox 259 2629 1313 2717; baseline -0.003 -24"><span class='ocrx_word' id='word_1_173' title='bbox 259 2647 353 2714; x_wconf 88' lang='lat' dir='ltr'><strong>rogo</strong></span> <span class='ocrx_word' id='word_1_174' title='bbox 374 2631 495 2717; x_wconf 88' lang='lat' dir='ltr'><strong>atque</strong></span> <span class='ocrx_word' id='word_1_175' title='bbox 516 2630 861 2709; x_wconf 76' lang='lat' dir='ltr'><strong>hortor—,lut)...</strong></span> <span class='ocrx_word' id='word_1_176' title='bbox 878 2633 1052 2713; x_wconf 91' lang='lat' dir='ltr'><strong>putaris,</strong></span> <span class='ocrx_word' id='word_1_177' title='bbox 1068 2629 1197 2696; x_wconf 90' lang='lat' dir='ltr'><strong>tolletur</strong></span> <span class='ocrx_word' id='word_1_178' title='bbox 1209 2629 1313 2712; x_wconf 91' lang='lat' dir='ltr'><strong>puncto</strong></span> 
     </span>
     <span class='ocr_line' id='line_1_24' title="bbox 258 2735 1314 2819; baseline -0.005 -20"><span class='ocrx_word' id='word_1_179' title='bbox 258 2739 328 2818; x_wconf 86' lang='lat' dir='ltr'><strong>post</strong></span> <span class='ocrx_word' id='word_1_180' title='bbox 348 2737 560 2801; x_wconf 88' lang='lat' dir='ltr'><strong>insinuent</strong></span> <span class='ocrx_word' id='word_1_181' title='bbox 580 2735 699 2818; x_wconf 88' lang='lat' dir='ltr'><strong>posito;</strong></span> <span class='ocrx_word' id='word_1_182' title='bbox 729 2755 785 2819; x_wconf 87' lang='lat' dir='ltr'><strong>per</strong></span> <span class='ocrx_word' id='word_1_183' title='bbox 814 2755 848 2801; x_wconf 93' lang='lat' dir='ltr'><strong>se</strong></span> <span class='ocrx_word' id='word_1_184' title='bbox 871 2735 952 2800; x_wconf 86' lang='lat' dir='ltr'><strong>eninr</strong></span> <span class='ocrx_word' id='word_1_185' title='bbox 975 2735 1109 2802; x_wconf 86' lang='lat' dir='ltr'><strong>vetando</strong></span> <span class='ocrx_word' id='word_1_186' title='bbox 1130 2735 1314 2818; x_wconf 79' lang='lat' dir='ltr'><strong>adiungitur:</strong></span> 
     </span>
     <span class='ocr_line' id='line_1_25' title="bbox 259 2840 1314 2909; baseline -0.001 -5"><span class='ocrx_word' id='word_1_187' title='bbox 259 2840 419 2905; x_wconf 81' lang='lat' dir='ltr'><strong>Fortem</strong></span> <span class='ocrx_word' id='word_1_188' title='bbox 441 2846 480 2905; x_wconf 91' lang='lat' dir='ltr'><strong>et</strong></span> <span class='ocrx_word' id='word_1_189' title='bbox 507 2842 679 2907; x_wconf 88' lang='lat' dir='ltr'><strong>liberum</strong></span> <span class='ocrx_word' id='word_1_190' title='bbox 714 2845 884 2909; x_wconf 89' lang='lat' dir='ltr'><strong>animum</strong></span> <span class='ocrx_word' id='word_1_191' title='bbox 916 2889 1017 2906; x_wconf 89' lang='lat'><strong>....</strong></span> <span class='ocrx_word' id='word_1_192' title='bbox 1049 2841 1204 2907; x_wconf 88' lang='lat' dir='ltr'><strong>nullum</strong></span> <span class='ocrx_word' id='word_1_193' title='bbox 1236 2856 1314 2905; x_wconf 90' lang='lat' dir='ltr'><strong>esse</strong></span> 
     </span>
     <span class='ocr_line' id='line_1_26' title="bbox 260 2946 428 3026; baseline -0.006 -17"><span class='ocrx_word' id='word_1_194' title='bbox 260 2946 428 3026; x_wconf 84' lang='lat' dir='ltr'><strong>putaris.</strong></span> 
     </span>
    </p>

    <p class='ocr_par' dir='ltr' id='par_1_3' title="bbox 258 3050 1316 3665">
     <span class='ocr_line' id='line_1_27' title="bbox 359 3050 1315 3139; baseline 0.001 -24"><span class='ocrx_word' id='word_1_195' title='bbox 359 3050 439 3115; x_wconf 88' lang='lat' dir='ltr'><strong>Ibid.</strong></span> <span class='ocrx_word' id='word_1_196' title='bbox 465 3052 512 3132; x_wconf 83' lang='lat'><strong>17,</strong></span> <span class='ocrx_word' id='word_1_197' title='bbox 536 3054 554 3116; x_wconf 88' lang='lat'>1</span> <span class='ocrx_word' id='word_1_198' title='bbox 577 3054 690 3120; x_wconf 84' lang='lat' dir='ltr'><strong>excidit</strong></span> <span class='ocrx_word' id='word_1_199' title='bbox 716 3056 848 3120; x_wconf 89' lang='lat' dir='ltr'><strong>alterum</strong></span> <span class='ocrx_word' id='word_1_200' title='bbox 875 3054 1131 3138; x_wconf 86' lang='lat' dir='ltr'><strong>interrogationis,</strong></span> <span class='ocrx_word' id='word_1_201' title='bbox 1154 3074 1216 3139; x_wconf 91' lang='lat' dir='ltr'><strong>qua</strong></span> <span class='ocrx_word' id='word_1_202' title='bbox 1236 3053 1315 3120; x_wconf 80' lang='lat' dir='ltr'><strong>(lice-</strong></span> 
     </span>
     <span class='ocr_line' id='line_1_28' title="bbox 259 3157 1316 3245; baseline 0.001 -24"><span class='ocrx_word' id='word_1_203' title='bbox 259 3157 341 3222; x_wconf 91' lang='lat' dir='ltr'><strong>ronis</strong></span> <span class='ocrx_word' id='word_1_204' title='bbox 377 3158 572 3225; x_wconf 87' lang='lat' dir='ltr'><strong>consiliorum</strong></span> <span class='ocrx_word' id='word_1_205' title='bbox 609 3160 814 3226; x_wconf 86' lang='lat' dir='ltr'><strong>inconstantia</strong></span> <span class='ocrx_word' id='word_1_206' title='bbox 846 3161 1020 3238; x_wconf 84' lang='lat' dir='ltr'><strong>notabatur,</strong></span> <span class='ocrx_word' id='word_1_207' title='bbox 1053 3162 1245 3245; x_wconf 67' lang='lat' dir='ltr'><strong>membrum</strong></span> <span class='ocrx_word' id='word_1_208' title='bbox 1276 3158 1316 3223; x_wconf 91' lang='lat' dir='ltr'><strong>sic</strong></span> 
     </span>
     <span class='ocr_line' id='line_1_29' title="bbox 259 3263 1315 3351; baseline -0.001 -22"><span class='ocrx_word' id='word_1_209' title='bbox 259 3263 339 3329; x_wconf 92' lang='lat' dir='ltr'><strong>euim</strong></span> <span class='ocrx_word' id='word_1_210' title='bbox 364 3267 518 3332; x_wconf 90' lang='lat' dir='ltr'><strong>sententia</strong></span> <span class='ocrx_word' id='word_1_211' title='bbox 533 3270 679 3351; x_wconf 85' lang='lat' dir='ltr'><strong>concepta</strong></span> <span class='ocrx_word' id='word_1_212' title='bbox 694 3272 775 3333; x_wconf 85' lang='lat' dir='ltr'><strong>arat:</strong></span> <span class='ocrx_word' id='word_1_213' title='bbox 798 3265 1224 3346; x_wconf 69' lang='lat' dir='ltr'><strong>universalissimum</strong></span> <span class='ocrx_word' id='word_1_214' title='bbox 1246 3269 1315 3330; x_wconf 83' lang='lat' dir='ltr'><strong>hu·</strong></span> 
     </span>
     <span class='ocr_line' id='line_1_30' title="bbox 258 3368 1316 3456; baseline -0.006 -20"><span class='ocrx_word' id='word_1_215' title='bbox 258 3372 411 3437; x_wconf 85' lang='lat' dir='ltr'><strong>torrium</strong></span> <span class='ocrx_word' id='word_1_216' title='bbox 443 3374 652 3456; x_wconf 85' lang='lat' dir='ltr'><strong>suscipere</strong></span> <span class='ocrx_word' id='word_1_217' title='bbox 673 3392 741 3456; x_wconf 90' lang='lat' dir='ltr'><strong>pro</strong></span> <span class='ocrx_word' id='word_1_218' title='bbox 762 3392 801 3437; x_wconf 91' lang='lat' dir='ltr'><strong>re</strong></span> <span class='ocrx_word' id='word_1_219' title='bbox 827 3371 992 3455; x_wconf 89' lang='lat' dir='ltr'><strong>publica</strong></span> <span class='ocrx_word' id='word_1_220' title='bbox 1021 3391 1096 3438; x_wconf 93' lang='lat' dir='ltr'><strong>uon</strong></span> <span class='ocrx_word' id='word_1_221' title='bbox 1119 3368 1316 3439; x_wconf 88' lang='lat' dir='ltr'><strong>dubitarit</strong></span> 
     </span>
     <span class='ocr_line' id='line_1_31' title="bbox 258 3476 1314 3561; baseline 0.001 -22"><span class='ocrx_word' id='word_1_222' title='bbox 258 3477 482 3557; x_wconf 86' lang='lat' dir='ltr'><strong>inimicum,</strong></span> <span class='ocrx_word' id='word_1_223' title='bbox 537 3480 690 3561; x_wconf 92' lang='lat' dir='ltr'><strong>&lt;pueri</strong></span> <span class='ocrx_word' id='word_1_224' title='bbox 742 3476 958 3545; x_wconf 84' lang='lat' dir='ltr'><strong>Octaviani</strong></span> <span class='ocrx_word' id='word_1_225' title='bbox 1008 3477 1314 3544; x_wconf 87' lang='lat' dir='ltr'><strong>dominationem</strong></span> 
     </span>
     <span class='ocr_line' id='line_1_32' title="bbox 258 3581 466 3665; baseline 0.014 -19"><span class='ocrx_word' id='word_1_226' title='bbox 258 3581 466 3665; x_wconf 72' lang='lat' dir='ltr'><strong>subeat&gt;t</strong></span> 
     </span>
    </p>

    <p class='ocr_par' dir='ltr' id='par_1_4' title="bbox 255 3701 1313 4097">
     <span class='ocr_line' id='line_1_33' title="bbox 358 3701 1312 3786; baseline -0.004 -22"><span class='ocrx_word' id='word_1_227' title='bbox 358 3701 436 3765; x_wconf 91' lang='lat' dir='ltr'><strong>lbid.</strong></span> <span class='ocrx_word' id='word_1_228' title='bbox 458 3702 479 3786; x_wconf 67' lang='grc' dir='ltr'><strong>ξ</strong></span> <span class='ocrx_word' id='word_1_229' title='bbox 501 3703 537 3766; x_wconf 83' lang='lat'><strong>2:</strong></span> <span class='ocrx_word' id='word_1_230' title='bbox 572 3701 664 3786; x_wconf 90' lang='lat' dir='ltr'><strong>quid</strong></span> <span class='ocrx_word' id='word_1_231' title='bbox 695 3702 766 3767; x_wconf 93' lang='lat' dir='ltr'><strong>hoc</strong></span> <span class='ocrx_word' id='word_1_232' title='bbox 789 3701 886 3766; x_wconf 89' lang='lat' dir='ltr'><strong>mihi</strong></span> <span class='ocrx_word' id='word_1_233' title='bbox 907 3703 1089 3786; x_wconf 84' lang='lat' dir='ltr'><strong>prodest,</strong></span> <span class='ocrx_word' id='word_1_234' title='bbox 1113 3702 1145 3766; x_wconf 85' lang='lat' dir='ltr'><strong>ri</strong></span> <span class='ocrx_word' id='word_1_235' title='bbox 1171 3715 1312 3768; x_wconf 90' lang='lat' dir='ltr'><strong>meroes</strong></span> 
     </span>
     <span class='ocr_line' id='line_1_34' title="bbox 259 3807 1312 3900; baseline -0.004 -29"><span class='ocrx_word' id='word_1_236' title='bbox 259 3807 424 3900; x_wconf 84' lang='lat' dir='ltr'><strong>Antonii</strong></span> <span class='ocrx_word' id='word_1_237' title='bbox 469 3808 654 3889; x_wconf 84' lang='lat' dir='ltr'><strong>oppressi</strong></span> <span class='ocrx_word' id='word_1_238' title='bbox 689 3807 873 3890; x_wconf 89' lang='lat' dir='ltr'><strong>poscitur</strong></span> <span class='ocrx_word' id='word_1_239' title='bbox 907 3810 945 3874; x_wconf 94' lang='lat' dir='ltr'><strong>in</strong></span> <span class='ocrx_word' id='word_1_240' title='bbox 984 3807 1152 3873; x_wconf 86' lang='lat' dir='ltr'><strong>hutonii</strong></span> <span class='ocrx_word' id='word_1_241' title='bbox 1195 3808 1312 3876; x_wconf 87' lang='lat' dir='ltr'><strong>locuur</strong></span> 
     </span>
     <span class='ocr_line' id='line_1_35' title="bbox 258 3913 1312 4006; baseline -0.006 -27"><span class='ocrx_word' id='word_1_242' title='bbox 258 3915 482 4006; x_wconf 84' lang='lat' dir='ltr'><strong>successio,</strong></span> <span class='ocrx_word' id='word_1_243' title='bbox 516 3915 556 3979; x_wconf 91' lang='lat' dir='ltr'><strong>et</strong></span> <span class='ocrx_word' id='word_1_244' title='bbox 587 3913 621 3980; x_wconf 89' lang='lat' dir='ltr'><strong>si</strong></span> <span class='ocrx_word' id='word_1_245' title='bbox 653 3916 797 3980; x_wconf 84' lang='lat' dir='ltr'><strong>vindex</strong></span> <span class='ocrx_word' id='word_1_246' title='bbox 824 3914 945 3980; x_wconf 89' lang='lat' dir='ltr'><strong>illius</strong></span> <span class='ocrx_word' id='word_1_247' title='bbox 975 3916 1071 3980; x_wconf 89' lang='lat' dir='ltr'><strong>mali</strong></span> <span class='ocrx_word' id='word_1_248' title='bbox 1092 3915 1235 3980; x_wconf 89' lang='lat' dir='ltr'><strong>auctor</strong></span> <span class='ocrx_word' id='word_1_249' title='bbox 1255 3927 1312 3975; x_wconf 85' lang='lat' dir='ltr'><strong>ex·</strong></span> 
     </span>
     <span class='ocr_line' id='line_1_36' title="bbox 255 4016 1313 4097; baseline -0.007 -12"><span class='ocrx_word' id='word_1_250' title='bbox 255 4019 373 4086; x_wconf 86' lang='lat' dir='ltr'><strong>stitit</strong></span> <span class='ocrx_word' id='word_1_251' title='bbox 399 4020 592 4097; x_wconf 88' lang='lat' dir='ltr'><strong>alterius,</strong></span> <span class='ocrx_word' id='word_1_252' title='bbox 621 4020 925 4085; x_wconf 87' lang='lat' dir='ltr'><strong>fundamentum</strong></span> <span class='ocrx_word' id='word_1_253' title='bbox 959 4023 998 4084; x_wconf 94' lang='lat' dir='ltr'><strong>et</strong></span> <span class='ocrx_word' id='word_1_254' title='bbox 1025 4020 1186 4086; x_wconf 88' lang='lat' dir='ltr'><strong>radices</strong></span> <span class='ocrx_word' id='word_1_255' title='bbox 1208 4016 1313 4084; x_wconf 86' lang='lat' dir='ltr'><strong>trabi·</strong></span> 
     </span>
    </p>
   </div>
   <div class='ocr_carea' id='block_1_3' title="bbox 0 0 1383 4572">
    <p class='ocr_par' dir='ltr' id='par_1_5' title="bbox 0 0 1383 4572">
     <span class='ocr_line' id='line_1_37' title="bbox 0 0 1383 4572; baseline 0 0"><span class='ocrx_word' id='word_1_256' title='bbox 0 0 1383 4572; x_wconf 95' lang='lat' dir='ltr'><strong> </strong></span> 
     </span>
    </p>
   </div>
  </div>
 </body>
</html>
