2740 4572
296 239 357 304 238
664 239 725 294 Lib.
743 240 778 294 11.
798 239 863 310 (lap.
881 240 913 294 V.

255 455 329 502 non
352 436 511 520 quidem
534 437 736 512 odissent,
752 435 821 502 sed
837 439 970 504 tamon
986 437 1352 504 existimarentur

255 542 333 619 (eod.
357 542 437 608 Med.
462 533 784 621 ontimarsntur).
821 543 929 628 Neque
950 543 1123 610 infinitivus
1144 542 1209 607 ullo
1234 542 1351 606 modo

254 647 298 715 sio
319 649 419 715 audiri
441 651 545 732 potest
571 657 658 727 (non
692 650 816 726 lucio,
848 650 914 716 sed
949 650 1190 727 existimor),
1224 666 1346 732 neque

188 824 193 833 ,
255 757 409 822 sententia
429 758 514 822 recta
534 756 683 831 sllicitum
712 773 784 822 nam
813 758 881 822 tota
910 775 958 822 res
987 758 1150 840 totumque
1170 753 1346 820 iudicium

253 862 285 926 in
308 863 544 940 existimatione,
572 859 713 928 odissent
740 861 789 927 illi
818 863 957 928 homines
987 863 1203 944 imperatorem
1226 877 1344 926 neone

254 968 399 1046 odissent,
423 968 554 1051 positum
576 970 652 1046 erat,
675 967 813 1052 quosque
834 987 868 1034 se
890 967 991 1034 odisse
1010 966 1208 1032 existimabat
1234 965 1342 1043 Nero,

253 1073 411 1156 puniebat,
434 1092 493 1140 non
514 1092 577 1150 eos,
599 1091 676 1156 quos
699 1093 756 1139 non
779 1073 985 1140 existimabat.
1029 1071 1108 1138 Odio
1133 1071 1343 1138 contrarium

254 1179 382 1245 Tacitus
404 1181 547 1263 posuerat
568 1181 666 1246 levius
689 1179 816 1256 crimen,
839 1180 894 1245 sed
914 1180 1018 1245 tamen
1041 1177 1105 1243 illis
1130 1177 1338 1260 temporibus

253 1303 312 1349 nou
336 1287 513 1351 ferendum:
543 1284 660 1370 quasi
682 1285 910 1368 principem
931 1304 1004 1350 non
1028 1283 1187 1368 quidem
1209 1282 1362 1348 odis-‘

254 1392 359 1470 sent,
383 1392 451 1457 sod
473 1393 604 1457 tamen
622 1391 831 1460 aetimarout.
860 1389 929 1456 Non
946 1390 1018 1456 torri
1034 1388 1339 1472 potarat-homines

255 1498 312 1563 hoo
344 1497 405 1563 sibi
437 1498 625 1580 permittere,
657 1499 694 1561 nt
726 1497 764 1562 de
795 1495 916 1562 Oaesare
946 1496 1119 1562 iudicarent
1147 1499 1189 1570 et,
1211 1495 1336 1577 quanti

252 1602 411 1669 habendus
433 1604 525 1680 esset,
549 1604 740 1668 aestimaronl
762 1601 838 1686 (deu
850 1602 970 1670 Kerber
990 1624 1033 1670 su
1054 1601 1243 1670 beartbeilen
1258 1601 1342 1667 und

252 1708 479 1794 wiirdr'qen).*)
1216 1713 1220 1720 “

360 1859 438 1925 ibid.
459 1860 545 1940 XVI,
570 1862 625 1926 16:
661 1861 724 1926 Ira
756 1860 832 1926 illa
861 1861 1065 1926 numinum
1092 1859 1132 1924 in
1159 1879 1223 1926 res
1248 1861 1332 1926 Ro-

255 1984 388 2030 manas
411 1965 633 2050 luit,quam
650 1986 722 2032 non
740 1970 781 2032 ut
799 1966 838 2032 iu
857 1966 1046 2033 cladibus
1069 1967 1332 2033 exercituum

253 2076 321 2137 aut
359 2070 608 2154 captivitate
646 2074 803 2139 urbium
837 2074 959 2138 semel
996 2073 1106 2139 odito
1138 2074 1333 2140 transire

253 2178 364 2246 licet.
409 2178 460 2244 Sic
481 2197 561 2244 nunc
583 2179 694 2258 editur,
729 2185 760 2244 ut
785 2179 815 2244 in
839 2178 944 2244 codice
972 2178 1054 2243 Med.
1085 2178 1234 2260 scriptum
1265 2184 1332 2258 est,

254 2287 473 2367 enarraturquo
507 2283 544 2348 do
577 2283 711 2366 simplici
743 2283 866 2364 indicio,
904 2289 1094 2370 repugnante
1125 2284 1334 2352 vehementer
1362 2309 1363 2312 ¹

254 2390 398 2474 loquendi
420 2408 486 2467 usu,
510 2389 563 2472 qui
585 2409 684 2474 neque
706 2391 823 2456 edero
844 2392 889 2457 sic
910 2390 1049 2457 absolute
1071 2390 1203 2472 positum
1222 2409 1334 2474 neque

255 2496 408 2579 participii
446 2497 638 2578 praeteritum
654 2487 655 2492 ’
674 2496 792 2578 recipit.
848 2497 948 2580 Vulgo
985 2497 1134 2561 edebatur
1170 2495 1330 2562 editam
1362 2509 1363 2564 l

253 2601 352 2668 nihilo
374 2603 505 2679 reotins;
538 2621 637 2686 neque
672 2602 766 2683 enim,
799 2602 924 2669 etiamsi
953 2603 1050 2667 iram
1087 2602 1204 2668 odoro
1238 2606 1335 2682 recte,

252 2707 315 2774 dici
347 2710 560 2786 concedamus,
594 2709 676 2792 quod
709 2707 837 2774 concedi
870 2709 992 2791 nequit,
1026 2710 1070 2773 ut
1102 2709 1254 2775 editam
1293 2713 1327 2775 in

252 2812 457 2895 comparando
490 2813 529 2878 do
561 2813 711 2897 singulari
742 2833 853 2898 genere
882 2813 936 2879 ira
964 2813 1083 2880 dictum
1112 2815 1186 2880 ferri
1208 2818 1328 2899 potest.

253 2919 454 2985 scribendum
477 2920 543 2985 sine
566 2919 676 2986 dubio:
709 2925 751 2985 ot
783 2919 821 2985 in
853 2919 1041 2987 cladibus
1070 2920 1326 2988 exercituum

252 3027 321 3091 aut
363 3024 612 3108 captivitate
656 3027 812 3092 urbium
856 3025 981 3092 semel
1018 3024 1105 3094 edila
1140 3028 1327 3094 transire

252 3132 370 3211 licet,
398 3131 457 3199 hoo
484 3133 540 3210 est,
571 3151 617 3209 ea,
647 3153 716 3218 quae
737 3133 835 3198 semel
858 3134 889 3198 et
911 3151 971 3198 uno
994 3133 1140 3215 temporis
1162 3135 1328 3199 momento

252 3239 384 3304 eduntur
406 3242 438 3305 et
458 3239 610 3305 accidunt.

305 3506 332 3573 *l
350 3507 392 3561 De
422 3523 445 3561 c.
469 3508 504 3562 b?
535 3508 577 3562 vix
605 3509 650 3563 bio
676 3509 705 3563 in
732 3509 853 3577 margine
881 3508 1065 3577 suspicionem
1091 3521 1196 3576 ponere
1224 3508 1322 3573 audeo,

353 3600 526 3654 scribendum
539 3616 612 3656 esse:
626 3602 772 3656 clariore
790 3601 942 3670 exemplo
961 3599 1126 3655 libertina
1143 3600 1320 3656 mulier...

353 3691 483 3748 alienos
502 3707 539 3748 ao
561 3710 666 3763 prope
688 3695 824 3764 ignotos
843 3693 995 3764 protegens
1012 3695 1074 3762 (pro
1094 3694 1318 3762 protegendo).

351 3783 496 3840 Ablativus
514 3786 639 3855 gerundii
656 3803 746 3855 neque
764 3802 815 3856 per
834 3803 864 3842 se
888 3794 952 3856 apte
974 3763 1134 3854 adiungitur
1155 3785 1242 3841 verbo
1266 3803 1318 3840 ex-

352 3878 479 3944 pressit
497 3885 525 3956 ‘d
542 3879 629 3948 magis
649 3881 732 3935 etiam
751 3879 864 3934 offendit
880 3886 944 3949 post
956 3879 1069 3934 alterum
1082 3878 1159 3932 illum
1172 3879 1318 3934 ablativum

352 3969 496 4024 clariore
524 3972 685 4040 exemplo,
714 3971 853 4040 adquam
876 3977 968 4027 tamen
990 3988 1008 4026 a
1031 3972 1143 4027 librario
1167 3988 1316 4029 accommo-

352 4060 431 4116 datus
449 4063 567 4116 videtur.
