2728 4582
661 259 722 314 uro.
740 261 761 315 1.
782 259 847 330 cap.
866 260 915 314 ιν.

854 459 1082 544 Καταφαγεῑν

334 556 439 636 αὐτάς
460 556 592 628 τοσοῦτ’
615 555 788 651 α’ργάριον
812 558 885 630 odel
908 591 936 630 ει
931 558 1046 651 ’γάλα
1069 565 1177 650 λαγοῦ

334 667 424 755 εἶχον
445 663 495 753 μά
518 663 584 754 τήν
605 671 671 757 γῆν
694 671 747 736 και
771 665 872 745 ταάς,
896 661 1099 755 κατήσθιον.

352 787 401 854 Sic
429 807 509 853 nunc
538 788 604 852 edit
590 791 654 865 t3ur
688 788 719 852 in
743 788 900 855 codicibus
923 788 1013 876 εἶχον
1036 786 1143 878 λαγοῦ
1165 784 1326 850 scribitur.

251 895 389 976 Apparet
411 913 550 975 peruerse
573 896 605 959 et
626 895 847 960 incredibiliter
876 895 1062 961 sententiam
1095 897 1126 960 et
1149 893 1324 959 orationem

250 1000 380 1084 discerpi
413 999 565 1066 infinitivo
600 1015 811 1088 καταφαγεῖν
834 1021 850 1066 a
873 1003 983 1067 ceteris
1006 1001 1158 1081 diiuncl03
1192 1000 1326 1079 integra

250 1106 331 1170 enim
352 1107 462 1171 saltem
486 1107 524 1171 ed
546 1106 780 1190 grammaticam
805 1107 937 1173 formam
966 1107 1129 1173 sententiae
1158 1106 1324 1187 poetarum

249 1215 288 1279 ab
311 1213 460 1278 Atlrenaeo
483 1219 646 1295 ponuntur.
680 1214 722 1278 Ei
742 1215 849 1280 adesse
872 1214 1002 1286 videtur,
1025 1212 1200 1296 quodcum
1219 1235 1326 1276 κατα-

251 1332 373 1406 φαγεῖν
395 1318 587 1386 couiunctnm
611 1320 743 1392 sentent
736 1339 797 1384 ram
819 1320 935 1402 optime
957 1320 1086 1402 expleat,
1110 1317 1217 1405 elpes:
1257 1317 1324 1382 Non

249 1426 420 1508 poter'am
411 1443 477 1507 rpsc
499 1425 618 1488 tantam
641 1425 802 1506 pecuniam
826 1428 994 1498 comedere
1025 1424 1147 1491 etiamsi
1170 1425 1246 1500 cet.
1270 1399 1351 1487 sed

251 1549 341 1614 prave
373 1550 453 1595 nunc
485 1529 530 1596 sio
562 1533 706 1612 positum,
738 1532 816 1596 nt
806 1552 838 1596 rn
867 1533 1050 1598 sententiam
1075 1529 1322 1597 condicionalem
1350 1505 1351 1636 p

250 1637 421 1704 necessario
453 1635 628 1701 includatur
650 1641 695 1713 (εἰ
724 1633 813 1725 γάλα
847 1639 953 1726 λαγοῦ
986 1638 1100 1725 εἶχον),
1133 1654 1322 1720 quamquam
1350 1639 1351 1690 i

251 1743 315 1806 lraec
338 1756 459 1825 qunque
482 1743 635 1808 sententia
657 1744 788 1810 mirifica
802 1746 1048 1828 interpunctione
1064 1744 1229 1825 evertitur3
1254 1743 1322 1826 quis

228 1849 332 1932 enim
365 1865 423 1912 non
457 1847 542 1912 videt
574 1843 776 1936 andnemu
798 1852 981 1933 perridicule
1006 1870 1075 1916 cum
1104 1843 1169 1934 τήν
1191 1851 1263 1936 γῆν
1293 1851 1321 1914 in

249 1952 376 2019 iurando
400 1955 604 2040 coniungitur,
626 1955 869 2041 coniungendum
901 1977 967 2024 esse
997 1977 1066 2023 cum
1087 1949 1176 2044 γάλα
1200 1957 1321 2044 λαγοῦ,

251 2060 286 2124 nt
306 2059 427 2125 luxuria
448 2059 640 2143 significetur
661 2064 752 2146 potus
774 2083 860 2145 paene
881 2063 1069 2129 incredibilis
1094 2064 1126 2129 et
1147 2063 1208 2129 cibi
1226 2064 1322 2128 raris·

251 2165 322 2230 simi
357 2168 395 2244 et
420 2166 635 2248 pretiosissimi
668 2169 846 2242 mentione?
888 2170 929 2236 ut
958 2171 1062 2234 tamen
1095 2161 1181 2257 γάλα
1213 2171 1322 2256 λαγοῦ

248 2270 296 2336 vir
319 2293 336 2336 a
359 2273 450 2338 verbo
474 2268 664 2361 κατήσθιον
691 2276 823 2358 pendere
849 2278 962 2358 potest,
997 2276 1141 2359 quoniam
1173 2277 1224 2342 lac
1259 2298 1319 2342 non

247 2378 358 2458 editur,
381 2379 433 2444 sed
456 2382 588 2462 potatur.
625 2381 722 2448 Valde
745 2384 881 2466 suspicor
903 2402 1008 2448 omues
1030 2383 1091 2448 loci
1114 2383 1222 2447 turbas
1245 2383 1317 2448 inde

249 2489 331 2550 ortes
364 2504 440 2558 esse,
473 2487 551 2569 quod
584 2487 616 2550 in
650 2489 749 2554 locum
782 2487 866 2554 verbi
888 2488 1004 2570 proprii
1026 2489 1063 2552 ed
1084 2485 1173 2574 γάλα
1198 2508 1318 2556 accom-

248 2583 363 2656 modati
386 2592 513 2657 verbum
544 2591 635 2679 εἶχον
662 2601 786 2677 propter
815 2592 1052 2659 similitudinem
1077 2593 1253 2660 litterarum
1276 2595 1317 2660 ir-

248 2697 379 2781 repserit
411 2716 428 2761 e
460 2717 514 2761 suo
548 2699 612 2763 loco
641 2701 836 2776 translatum,
859 2704 1020 2784 totumque
1042 2701 1251 2786 fragmentum
1275 2703 1318 2766 sic

247 2821 315 2868 esse
337 2802 547 2868 scribendum:
1351 2805 1352 2826 ¹

850 2914 1074 3002 Καταφαγεῑν

332 3010 437 3091 amede
458 3011 592 3082 νοσοῦν
616 3009 779 3103 άργάριον
801 3011 873 3085 οὐδ’
895 3024 926 3086 εἰ
945 3015 1033 3108 γάλα
1057 3022 1164 3108 λαγοῦ

286 3163 289 3167 ·
333 3119 475 3192 εἷλκον
495 3117 546 3210 μα’
570 3118 634 3209 τήν
655 3125 724 3211 γήν
747 3127 800 3192 καὶ
824 3121 912 3201 ταώς
934 3121 1140 3208 κατήσθιον,

287 3265 291 3270 ·
332 3229 422 3317 εἶχον
444 3229 547 3317 (εἶχον
569 3228 637 3298 de?
658 3227 702 3298 άν
725 3231 860 3320 siponi».

241 3431 249 3444 „
347 3372 484 3440 Verbum
506 3376 616 3440 ἕλκειν
638 3375 743 3440 notum
768 3378 816 3440 est
838 3374 898 3441 dici
915 3374 958 3439 de
974 3373 1064 3440 avido
1079 3374 1204 3446 haustu.
1243 3374 1313 3438 Haec

247 3479 344 3562 igitur
372 3479 503 3545 efficitur
537 3481 706 3546 sententis:
729 3480 895 3547 Comedere
924 3485 1043 3549 tentam
1065 3481 1228 3565 pecuniam
1248 3481 1311 3563 ipse

244 3586 281 3656 et
303 3584 396 3660 solus,
421 3604 458 3651 ne
481 3585 509 3653 si
531 3586 577 3652 lac
600 3587 712 3669 leporis
737 3589 865 3686 quidem
891 3589 1055 3688 haurirem
1075 3605 1130 3671 per
1158 3587 1309 3658 tellurem,

244 3677 246 3682 ¹
246 3693 434 3774 etpevones
458 3691 644 3772 detererem,
666 3713 798 3777 possem

348 3865 384 3931 P.
400 3866 461 3930 672
477 3866 555 3944 fode
569 3886 660 3950 poene
674 3867 753 3935 dicis
770 3888 863 3936 eausa
877 3869 1061 3948 Prometheo
1083 3867 1182 3934 soluto
1205 3887 1224 3933 a
1243 3868 1309 3932 Iove

190 4011 192 4018 ι
242 3971 421 4054 impositelz
444 3975 498 4040 eorl
522 3974 612 4040 ιιόιν
633 3969 788 4043 ἑκούσιον
809 3982 847 4044 ἐν
868 3970 996 4061 α’λντιιά
1019 3979 1180 4061 κειμένην
1194 3975 1306 4041 δοῦναι

246 4071 473 4163 θελήσαντος,
504 4075 634 4168 ταύτην
663 4087 750 4168 ἔχειν
779 4075 931 4160 ἐπιτάξαι
961 4078 1023 4149 τόν
1044 4076 1307 4169 καθηγούμενον
