2740 4572
275 271 338 334 m
636 269 902 340 mmmm

233 465 754 552 batquespesoupiditatem
770 467 1307 550 cot.Paulopost(§l)uecessario

233 572 446 640 scribendum:
480 572 770 637 advortendum
802 577 863 637 est
896 573 1091 650 breviter,
1116 573 1216 637 unde
1238 591 1307 638 sa·
1362 599 1363 656 q

233 680 364 762 pienti
387 679 471 743 viro
493 677 566 743 hoc
587 693 741 762 quoquo
768 678 953 744 accidere
976 677 1122 762 potuerit
1143 685 1210 762 (pro
1235 699 1307 763 po·

234 785 346 862 terit)
380 784 576 849 doctrinae
604 802 727 868 genus
756 783 859 848 haud
891 785 988 848 leve.
1042 783 1203 868 Nusquam
1225 786 1307 850 Am·

235 891 356 965 mianus
378 888 487 955 intuli
510 891 664 954 sententia
692 889 893 955 indicativum
920 887 1043 970 posuit3
1074 887 1101 954 si
1127 891 1307 973 generalem
1336 975 1341 984 Ι

235 997 424 1063 sententiam
442 1014 510 1061 esse
525 996 682 1074 voluisset,
706 995 879 1077 scripsisset
899 995 1041 1077 possit.
1073 995 1153 1061 'lum
1170 1000 1189 1080 ξ
1204 997 1233 1076 8,
1250 999 1308 1064 ubi

235 1105 267 1168 in
284 1103 441 1168 codicibus
459 1103 492 1166 et
512 1102 699 1167 editionibus
721 1102 884 1179 scribitur:
909 1102 1207 1167 Elementorum
1224 1122 1309 1170 om·
1362 1125 1363 1188 q

236 1210 343 1274 nium
372 1208 608 1290 spiritus..
633 1206 942 1290 „,01his‚quae
968 1206 1308 1290 perdisciplinas
1362 1191 1363 1219 ¹

113 1389 116 1394 ,
236 1315 370 1381 varias
390 1314 648 1391 affectamus,
665 1313 890 1395 participat
912 1314 1118 1379 nobiseum
1142 1334 1309 1380 munera

236 1419 467 1498 divinandi,
483 1420 547 1484 sino
561 1419 653 1484 dubio
669 1416 863 1484 scribendum
880 1421 941 1483 est:
964 1437 1007 1483 ex
1021 1419 1132 1502 siguis,
1148 1439 1230 1502 quae
1246 1424 1307 1487 oet.

237 1526 398 1592 Postremo
421 1526 440 1608 ᾖ
465 1525 504 1586 12
528 1524 620 1589 verbu
641 1523 686 1590 sic
708 1523 870 1590 scribenda
892 1526 925 1590 et
945 1525 1191 1608 interpungenda
1212 1531 1306 1592 sunt:

238 1632 490 1698 Somniorum
524 1631 655 1695 autem
690 1630 778 1694 rata
810 1628 917 1696 lidos
946 1631 1308 1699 otindubitabilis

208 1771 210 1776 ·
239 1738 361 1816 foret,
395 1739 432 1801 ni
465 1736 768 1802 ratiocinantes
798 1737 1034 1800 coniectura
1055 1735 1311 1804 fallerentur

237 1841 456 1918 interdum,
493 1859 582 1927 que,
622 1842 665 1905 ut
697 1839 949 1906 Aristoteles
985 1841 1186 1923 affirmet,
1222 1846 1310 1910 tum

237 1948 320 2013 lixa
342 1946 434 2012 sunt
456 1948 494 2010 et
516 1945 689 2012 stabilia
710 1947 767 2010 oet.
812 1946 900 2026 Quod
921 1948 952 2010 in
975 1947 1228 2032 codicibusque
1251 1968 1310 2032 pro

237 2071 319 2136 quae
342 2053 490 2134 scriptum
512 2057 569 2129 est,
591 2055 624 2117 in
647 2051 833 2118 editionibus
856 2054 1011 2119 sententia
1032 2057 1077 2121 sic
1103 2054 1309 2137 depravatur:

240 2197 277 2207 -
301 2156 548 2223 fallerentur
569 2157 854 2242 interdumque
877 2162 934 2225 cot.

342 2263 418 2330 lbid.
442 2264 471 2341 6,
497 2266 529 2328 lr
554 2263 770 2347 Replicare
792 2283 893 2330 nunc
914 2265 1104 2331 convenit
1126 2269 1312 2351 tempore

240 2373 279 2437 et
316 2388 480 2435 narrare
519 2369 758 2446 summatim,
800 2389 901 2453 qua,
945 2371 1031 2436 dum
1059 2377 1235 2456 aguntur
1269 2376 1311 2441 in

240 2475 394 2543 Galliis
430 2476 524 2539 ante
561 2474 687 2552 dicta,
725 2475 994 2542 Constantius
1123 2480 1312 2562 perfecit.

242 2584 350 2665 Neque
363 2587 541 2662 tempore
556 2581 660 2663 repli
670 2597 757 2646 nare
768 2580 938 2665 quidquam
950 2583 1217 2668 signiticatnequc,
1226 2588 1314 2670 quod

241 2707 337 2771 nuper
358 2687 563 2752 substitutum
585 2690 643 2765 ost,
664 2687 848 2768 tempori.
873 2687 1089 2755 scribendum:
1105 2691 1315 2774 Replicare

241 2812 343 2859 nunc
375 2793 566 2857 convenit
598 2795 745 2878 tempora
773 2794 842 2869 cet,
873 2795 930 2860 hoc
959 2795 1017 2873 est,
1039 2796 1194 2863 revolvere
1217 2802 1314 2865 etad

241 2896 398 2980 superiora
420 2895 530 2961 redire.

343 3000 421 3066 lbid.
446 3001 495 3081 16,
526 3002 560 3065 6:
595 3002 802 3085 impendio
832 3009 968 3071 castus
991 3006 1207 3082 (Constantius
1225 3008 1314 3086 fuit),

243 3110 285 3174 ut
314 3125 384 3173 noe
413 3127 519 3173 mare
546 3109 735 3175 ministro
765 3111 909 3177 saltem
934 3113 1169 3194 suspicione
1192 3117 1315 3181 tenus

243 3214 384 3297 posset
425 3214 616 3298 redargui
659 3219 718 3281 cot.
786 3216 847 3282 Pro
882 3236 987 3283 mare
1024 3237 1120 3300 nuper
1155 3219 1315 3303 Hauptius

242 3339 375 3386 amaro
397 3321 571 3399 substituit,
592 3321 625 3385 in
648 3339 707 3404 quo
731 3321 824 3387 miror
845 3323 904 3387 viri
920 3323 1036 3407 egregii
1051 3324 1216 3402 iudicinm;
1241 3346 1314 3392 nam

245 3445 355 3509 neque,
388 3445 545 3492 amerus
567 3428 755 3492 minister
776 3428 850 3511 quid
872 3429 923 3503 sit.
951 3428 1104 3512 intelligo,
1134 3449 1233 3515 noque
1258 3436 1316 3498 aut

246 3532 370 3598 dativus
385 3537 439 3598 aut
453 3533 605 3597 ablativus
621 3535 692 3614 apte
707 3533 837 3599 orationi
850 3535 1075 3601 accommodari
1086 3540 1196 3620 potest.
1231 3538 1314 3604 Sori-

244 3633 380 3703 bendum
392 3639 458 3704 sine
473 3638 583 3703 dubio:
605 3640 647 3703 ut
668 3657 737 3703 neo
758 3656 888 3706 rumore
910 3641 1169 3722 ministrooet
1201 3641 1314 3710 Neru-

244 3762 328 3808 more
353 3744 475 3826 quidem
499 3743 639 3808 adhibito
662 3744 694 3807 ct
715 3743 845 3809 crimina
866 3747 1121 3813 subministrante
1137 3750 1313 3831 suspicione

244 3851 335 3912 tenus
358 3848 498 3931 redargui
521 3848 721 3915 Constantius
742 3853 873 3931 poterat.

346 3965 423 4030 lbid.
451 3966 548 4047 §192
585 3967 733 4051 Figura
754 3968 833 4033 tali
856 3971 1024 4053 situque
1047 3971 1311 4038 membrorum
1362 3979 1363 3996 ³

244 4069 455 4146 (Constantius
485 4071 574 4145 sulit:
615 4075 824 4157 subniger,
855 4075 942 4142 luce
972 4077 1176 4142 oculorum
1200 4077 1313 4142 edita
