<?xml version="1.0" encoding="UTF-8"?>
<!DOCTYPE html PUBLIC "-//W3C//DTD XHTML 1.0 Transitional//EN"
    "http://www.w3.org/TR/xhtml1/DTD/xhtml1-transitional.dtd">
<html xmlns="http://www.w3.org/1999/xhtml" xml:lang="en" lang="en">
 <head>
  <title>
</title>
<meta http-equiv="Content-Type" content="text/html;charset=utf-8" />
  <meta name='ocr-system' content='tesseract 3.04.00' />
  <meta name='ocr-capabilities' content='ocr_page ocr_carea ocr_par ocr_line ocrx_word'/>
</head>
<body>
  <div class='ocr_page' id='page_1' title='image "./adversariacriti01madvgoog_0045.png"; bbox 0 0 2728 4582; ppageno 0'>
   <div class='ocr_carea' id='block_1_1' title="bbox 273 283 886 354">
    <p class='ocr_par' dir='ltr' id='par_1_1' title="bbox 273 283 886 354">
     <span class='ocr_line' id='line_1_1' title="bbox 273 283 886 354; baseline -0.01 -8"><span class='ocrx_word' id='word_1_1' title='bbox 273 283 314 346; x_wconf 84' lang='grc'><strong>34</strong></span> <span class='ocrx_word' id='word_1_2' title='bbox 645 285 706 340; x_wconf 86' lang='lat' dir='ltr'><strong>Lib.</strong></span> <span class='ocrx_word' id='word_1_3' title='bbox 724 285 745 339; x_wconf 86' lang='lat'><strong>1.</strong></span> <span class='ocrx_word' id='word_1_4' title='bbox 766 287 831 354; x_wconf 82' lang='lat' dir='ltr'><strong>Gap.</strong></span> <span class='ocrx_word' id='word_1_5' title='bbox 850 285 886 340; x_wconf 90' lang='lat'><strong>11.</strong></span> 
     </span>
    </p>
   </div>
   <div class='ocr_carea' id='block_1_2' title="bbox 232 475 1304 779">
    <p class='ocr_par' dir='ltr' id='par_1_2' title="bbox 232 475 1304 779">
     <span class='ocr_line' id='line_1_2' title="bbox 232 475 1303 582; baseline 0 -36"><span class='ocrx_word' id='word_1_6' title='bbox 232 496 303 556; x_wconf 79' lang='grc' dir='ltr'><strong><em>τοῖς</em></strong></span> <span class='ocrx_word' id='word_1_7' title='bbox 335 475 454 558; x_wconf 60' lang='grc' dir='ltr'><strong><em>αυτοῖς</em></strong></span> <span class='ocrx_word' id='word_1_8' title='bbox 486 478 650 582; x_wconf 65' lang='grc' dir='ltr'><strong><em>α’γγέλσις,</em></strong></span> <span class='ocrx_word' id='word_1_9' title='bbox 682 485 806 550; x_wconf 75' lang='lat' dir='ltr'>additur</span> <span class='ocrx_word' id='word_1_10' title='bbox 838 504 856 548; x_wconf 88' lang='lat' dir='ltr'><strong>a</strong></span> <span class='ocrx_word' id='word_1_11' title='bbox 888 481 1041 566; x_wconf 82' lang='lat' dir='ltr'><strong>plerisque</strong></span> <span class='ocrx_word' id='word_1_12' title='bbox 1076 475 1204 568; x_wconf 80' lang='grc' dir='ltr'><strong><em>λόγοισι</em></strong></span> <span class='ocrx_word' id='word_1_13' title='bbox 1227 483 1303 547; x_wconf 81' lang='lat' dir='ltr'><strong>ante</strong></span> 
     </span>
     <span class='ocr_line' id='line_1_3' title="bbox 232 589 1304 674; baseline 0 -20"><span class='ocrx_word' id='word_1_14' title='bbox 232 603 328 664; x_wconf 82' lang='grc' dir='ltr'><strong><em>τοῖσι,</em></strong></span> <span class='ocrx_word' id='word_1_15' title='bbox 358 589 479 670; x_wconf 87' lang='lat' dir='ltr'><strong>deinde,</strong></span> <span class='ocrx_word' id='word_1_16' title='bbox 511 591 593 674; x_wconf 91' lang='lat' dir='ltr'><strong>qnod</strong></span> <span class='ocrx_word' id='word_1_17' title='bbox 622 591 770 656; x_wconf 89' lang='lat' dir='ltr'><strong>orationis</strong></span> <span class='ocrx_word' id='word_1_18' title='bbox 800 593 831 656; x_wconf 90' lang='lat' dir='ltr'><strong>et</strong></span> <span class='ocrx_word' id='word_1_19' title='bbox 859 591 1012 656; x_wconf 89' lang='lat' dir='ltr'><strong>minarum</strong></span> <span class='ocrx_word' id='word_1_20' title='bbox 1040 589 1140 654; x_wconf 83' lang='lat' dir='ltr'><strong>forma</strong></span> <span class='ocrx_word' id='word_1_21' title='bbox 1162 608 1207 663; x_wconf 87' lang='lat' dir='ltr'><strong>ea,</strong></span> <span class='ocrx_word' id='word_1_22' title='bbox 1231 607 1304 671; x_wconf 83' lang='lat' dir='ltr'><strong>qnae</strong></span> 
     </span>
     <span class='ocr_line' id='line_1_4' title="bbox 232 694 1301 779; baseline -0.001 -19"><span class='ocrx_word' id='word_1_23' title='bbox 232 695 404 773; x_wconf 83' lang='lat' dir='ltr'><strong>subiicitur,</strong></span> <span class='ocrx_word' id='word_1_24' title='bbox 434 696 658 763; x_wconf 79' lang='lat' dir='ltr'><strong>Themistocles</strong></span> <span class='ocrx_word' id='word_1_25' title='bbox 680 697 764 762; x_wconf 89' lang='lat' dir='ltr'><strong>nullo</strong></span> <span class='ocrx_word' id='word_1_26' title='bbox 785 697 878 763; x_wconf 90' lang='lat' dir='ltr'><strong>modo</strong></span> <span class='ocrx_word' id='word_1_27' title='bbox 892 694 974 778; x_wconf 89' lang='lat' dir='ltr'><strong>apud</strong></span> <span class='ocrx_word' id='word_1_28' title='bbox 987 714 1093 779; x_wconf 87' lang='lat' dir='ltr'><strong>regem</strong></span> <span class='ocrx_word' id='word_1_29' title='bbox 1107 695 1152 760; x_wconf 92' lang='lat' dir='ltr'><strong>uti</strong></span> <span class='ocrx_word' id='word_1_30' title='bbox 1168 696 1301 776; x_wconf 88' lang='lat' dir='ltr'><strong>poterat,</strong></span> 
     </span>
    </p>
   </div>
   <div class='ocr_carea' id='block_1_3' title="bbox 98 787 1301 900">
    <p class='ocr_par' dir='ltr' id='par_1_3' title="bbox 98 787 1301 900">
     <span class='ocr_line' id='line_1_5' title="bbox 98 787 1301 900; baseline -0.001 -34"><span class='ocrx_word' id='word_1_31' title='bbox 98 892 100 900; x_wconf 17' lang='lat' dir='ltr'>y</span> <span class='ocrx_word' id='word_1_32' title='bbox 231 821 285 884; x_wconf 87' lang='lat' dir='ltr'><strong>pro</strong></span> <span class='ocrx_word' id='word_1_33' title='bbox 318 805 462 886; x_wconf 72' lang='grc' dir='ltr'><strong><em>βασιλέα</em></strong></span> <span class='ocrx_word' id='word_1_34' title='bbox 493 802 693 869; x_wconf 74' lang='lat' dir='ltr'><strong>substituitur</strong></span> <span class='ocrx_word' id='word_1_35' title='bbox 724 787 916 886; x_wconf 68' lang='grc' dir='ltr'><strong><em>Ἀνδρίους,</em></strong></span> <span class='ocrx_word' id='word_1_36' title='bbox 958 805 1121 884; x_wconf 88' lang='lat' dir='ltr'><strong>utrumque</strong></span> <span class='ocrx_word' id='word_1_37' title='bbox 1156 801 1301 872; x_wconf 76' lang='lat' dir='ltr'><strong>licenter,</strong></span> 
     </span>
    </p>
   </div>
   <div class='ocr_carea' id='block_1_4' title="bbox 231 905 1305 1295">
    <p class='ocr_par' dir='ltr' id='par_1_4' title="bbox 231 905 1305 1295">
     <span class='ocr_line' id='line_1_6' title="bbox 231 905 1305 994; baseline -0.001 -22"><span class='ocrx_word' id='word_1_38' title='bbox 231 908 369 990; x_wconf 78' lang='lat' dir='ltr'><strong>Rectius,</strong></span> <span class='ocrx_word' id='word_1_39' title='bbox 392 911 505 992; x_wconf 85' lang='lat' dir='ltr'><strong>opinor,</strong></span> <span class='ocrx_word' id='word_1_40' title='bbox 529 910 656 976; x_wconf 88' lang='lat' dir='ltr'><strong>tolletur</strong></span> <span class='ocrx_word' id='word_1_41' title='bbox 678 905 867 994; x_wconf 77' lang='grc' dir='ltr'><strong><em>χρεώμενος</em></strong></span> <span class='ocrx_word' id='word_1_42' title='bbox 878 909 1028 983; x_wconf 86' lang='lat' dir='ltr'><strong>additum,</strong></span> <span class='ocrx_word' id='word_1_43' title='bbox 1051 909 1088 974; x_wconf 92' lang='lat' dir='ltr'><strong>ut</strong></span> <span class='ocrx_word' id='word_1_44' title='bbox 1100 909 1305 990; x_wconf 87' lang='lat' dir='ltr'><strong>responderet</strong></span> 
     </span>
     <span class='ocr_line' id='line_1_7' title="bbox 231 1007 1303 1101; baseline 0 -21"><span class='ocrx_word' id='word_1_45' title='bbox 231 1016 268 1086; x_wconf 87' lang='lat' dir='ltr'><strong>ei,</strong></span> <span class='ocrx_word' id='word_1_46' title='bbox 299 1014 381 1098; x_wconf 91' lang='lat' dir='ltr'><strong>quod</strong></span> <span class='ocrx_word' id='word_1_47' title='bbox 409 1015 558 1099; x_wconf 88' lang='lat' dir='ltr'><strong>sequitur,</strong></span> <span class='ocrx_word' id='word_1_48' title='bbox 586 1007 757 1101; x_wconf 80' lang='grc' dir='ltr'><strong><em>ἐχρήσατο.</em></strong></span> <span class='ocrx_word' id='word_1_49' title='bbox 802 1017 872 1082; x_wconf 85' lang='grc' dir='ltr'><strong>Νοσ</strong></span> <span class='ocrx_word' id='word_1_50' title='bbox 905 1015 972 1082; x_wconf 91' lang='lat' dir='ltr'><strong>sino</strong></span> <span class='ocrx_word' id='word_1_51' title='bbox 1008 1033 1100 1081; x_wconf 85' lang='lat' dir='ltr'><strong>causa</strong></span> <span class='ocrx_word' id='word_1_52' title='bbox 1121 1014 1303 1081; x_wconf 88' lang='lat' dir='ltr'><strong>Herodotus</strong></span> 
     </span>
     <span class='ocr_line' id='line_1_8' title="bbox 231 1119 1303 1207; baseline -0.002 -21"><span class='ocrx_word' id='word_1_53' title='bbox 231 1122 472 1188; x_wconf 82' lang='lat' dir='ltr'><strong>Themistoclem</strong></span> <span class='ocrx_word' id='word_1_54' title='bbox 506 1122 613 1187; x_wconf 87' lang='lat' dir='ltr'><strong>narrat</strong></span> <span class='ocrx_word' id='word_1_55' title='bbox 646 1121 679 1186; x_wconf 93' lang='lat' dir='ltr'><strong>in</strong></span> <span class='ocrx_word' id='word_1_56' title='bbox 715 1123 847 1207; x_wconf 83' lang='lat' dir='ltr'><strong>negotiis</strong></span> <span class='ocrx_word' id='word_1_57' title='bbox 883 1121 1013 1187; x_wconf 85' lang='lat' dir='ltr'><strong>diversis</strong></span> <span class='ocrx_word' id='word_1_58' title='bbox 1045 1119 1157 1186; x_wconf 89' lang='lat' dir='ltr'><strong>iisdem</strong></span> <span class='ocrx_word' id='word_1_59' title='bbox 1193 1123 1303 1185; x_wconf 87' lang='lat' dir='ltr'><strong>tamen</strong></span> 
     </span>
     <span class='ocr_line' id='line_1_9' title="bbox 231 1229 557 1295; baseline -0.009 -1"><span class='ocrx_word' id='word_1_60' title='bbox 231 1229 347 1295; x_wconf 90' lang='lat' dir='ltr'><strong>nuntiis</strong></span> <span class='ocrx_word' id='word_1_61' title='bbox 368 1247 459 1294; x_wconf 89' lang='lat' dir='ltr'><strong>usum</strong></span> <span class='ocrx_word' id='word_1_62' title='bbox 481 1245 557 1292; x_wconf 89' lang='lat' dir='ltr'><strong>esse.</strong></span> 
     </span>
    </p>
   </div>
   <div class='ocr_carea' id='block_1_5' title="bbox 329 1377 1303 1473">
    <p class='ocr_par' dir='ltr' id='par_1_5' title="bbox 329 1377 1303 1473">
     <span class='ocr_line' id='line_1_10' title="bbox 329 1377 1303 1473; baseline -0.003 -22"><span class='ocrx_word' id='word_1_63' title='bbox 329 1386 384 1460; x_wconf 83' lang='lat' dir='ltr'><strong>IX,</strong></span> <span class='ocrx_word' id='word_1_64' title='bbox 407 1387 442 1450; x_wconf 80' lang='lat'><strong>7:</strong></span> <span class='ocrx_word' id='word_1_65' title='bbox 476 1381 548 1469; x_wconf 76' lang='grc' dir='ltr'><strong>ἅμα</strong></span> <span class='ocrx_word' id='word_1_66' title='bbox 584 1385 618 1450; x_wconf 77' lang='grc' dir='ltr'><strong>δὲ</strong></span> <span class='ocrx_word' id='word_1_67' title='bbox 650 1379 688 1450; x_wconf 76' lang='grc' dir='ltr'><strong>τό</strong></span> <span class='ocrx_word' id='word_1_68' title='bbox 722 1379 831 1473; x_wconf 80' lang='grc' dir='ltr'><strong><em>τεῖχός</em></strong></span> <span class='ocrx_word' id='word_1_69' title='bbox 859 1410 930 1470; x_wconf 83' lang='grc' dir='ltr'><strong><em>σφι,</em></strong></span> <span class='ocrx_word' id='word_1_70' title='bbox 959 1379 997 1450; x_wconf 77' lang='lat' dir='ltr'><strong>od</strong></span> <span class='ocrx_word' id='word_1_71' title='bbox 1029 1389 1065 1449; x_wconf 79' lang='grc' dir='ltr'><strong>ἐν</strong></span> <span class='ocrx_word' id='word_1_72' title='bbox 1096 1384 1140 1470; x_wconf 80' lang='grc' dir='ltr'><strong>τῷ</strong></span> <span class='ocrx_word' id='word_1_73' title='bbox 1162 1377 1303 1468; x_wconf 71' lang='grc' dir='ltr'><strong><em>Ἰσθμῷ</em></strong></span> 
     </span>
    </p>
   </div>
   <div class='ocr_carea' id='block_1_6' title="bbox 231 1485 1360 1590">
    <p class='ocr_par' dir='ltr' id='par_1_6' title="bbox 231 1485 1360 1590">
     <span class='ocr_line' id='line_1_11' title="bbox 231 1485 1360 1590; baseline -0.004 -32"><span class='ocrx_word' id='word_1_74' title='bbox 231 1493 388 1579; x_wconf 77' lang='grc' dir='ltr'><strong><em>ἐτείχεον,</em></strong></span> <span class='ocrx_word' id='word_1_75' title='bbox 422 1494 476 1559; x_wconf 78' lang='grc' dir='ltr'><strong>ναὶ</strong></span> <span class='ocrx_word' id='word_1_76' title='bbox 510 1488 577 1577; x_wconf 74' lang='grc' dir='ltr'><strong>ἤδη</strong></span> <span class='ocrx_word' id='word_1_77' title='bbox 611 1485 747 1568; x_wconf 73' lang='grc' dir='ltr'><strong><em>ἐπάλξις</em></strong></span> <span class='ocrx_word' id='word_1_78' title='bbox 783 1485 969 1578; x_wconf 70' lang='grc' dir='ltr'><strong><em>ἐλάμβανε.</em></strong></span> <span class='ocrx_word' id='word_1_79' title='bbox 1026 1492 1125 1557; x_wconf 78' lang='lat' dir='ltr'><strong>Pravo</strong></span> <span class='ocrx_word' id='word_1_80' title='bbox 1155 1490 1221 1556; x_wconf 81' lang='lat' dir='ltr'><strong>haec</strong></span> <span class='ocrx_word' id='word_1_81' title='bbox 1253 1492 1305 1554; x_wconf 83' lang='lat' dir='ltr'><strong>est</strong></span> <span class='ocrx_word' id='word_1_82' title='bbox 1359 1567 1360 1590; x_wconf 15' lang='grc' dir='ltr'>ζ</span> 
     </span>
    </p>
   </div>
   <div class='ocr_carea' id='block_1_7' title="bbox 231 1592 1303 1790">
    <p class='ocr_par' dir='ltr' id='par_1_7' title="bbox 231 1592 1303 1790">
     <span class='ocr_line' id='line_1_12' title="bbox 231 1592 1303 1686; baseline 0 -25"><span class='ocrx_word' id='word_1_83' title='bbox 231 1600 393 1664; x_wconf 90' lang='lat' dir='ltr'><strong>verborum</strong></span> <span class='ocrx_word' id='word_1_84' title='bbox 419 1597 607 1663; x_wconf 88' lang='lat' dir='ltr'><strong>coniunctio:</strong></span> <span class='ocrx_word' id='word_1_85' title='bbox 639 1593 711 1682; x_wconf 78' lang='grc' dir='ltr'><strong>ἅμα</strong></span> <span class='ocrx_word' id='word_1_86' title='bbox 725 1599 758 1665; x_wconf 78' lang='lat' dir='ltr'><strong>dt</strong></span> <span class='ocrx_word' id='word_1_87' title='bbox 781 1595 819 1666; x_wconf 80' lang='lat' dir='ltr'><strong>od</strong></span> <span class='ocrx_word' id='word_1_88' title='bbox 843 1592 952 1686; x_wconf 77' lang='grc' dir='ltr'><strong><em>τεῖχός</em></strong></span> <span class='ocrx_word' id='word_1_89' title='bbox 975 1622 1031 1682; x_wconf 86' lang='grc' dir='ltr'><strong>σφι</strong></span> <span class='ocrx_word' id='word_1_90' title='bbox 1154 1599 1209 1662; x_wconf 81' lang='grc' dir='ltr'><strong>καὶ</strong></span> <span class='ocrx_word' id='word_1_91' title='bbox 1232 1592 1303 1680; x_wconf 70' lang='grc' dir='ltr'><strong>ἤδη</strong></span> 
     </span>
     <span class='ocr_line' id='line_1_13' title="bbox 232 1697 1303 1790; baseline -0.004 -19"><span class='ocrx_word' id='word_1_92' title='bbox 232 1697 369 1781; x_wconf 76' lang='grc' dir='ltr'><strong><em>ἐπάλξις</em></strong></span> <span class='ocrx_word' id='word_1_93' title='bbox 391 1699 576 1790; x_wconf 73' lang='grc' dir='ltr'><strong><em>ἐλάμβανε,</em></strong></span> <span class='ocrx_word' id='word_1_94' title='bbox 609 1723 645 1768; x_wconf 88' lang='lat' dir='ltr'><strong>ao</strong></span> <span class='ocrx_word' id='word_1_95' title='bbox 676 1724 715 1770; x_wconf 90' lang='lat' dir='ltr'><strong>ne</strong></span> <span class='ocrx_word' id='word_1_96' title='bbox 747 1705 813 1787; x_wconf 90' lang='lat' dir='ltr'><strong>ipse</strong></span> <span class='ocrx_word' id='word_1_97' title='bbox 842 1708 964 1790; x_wconf 89' lang='lat' dir='ltr'><strong>quidem</strong></span> <span class='ocrx_word' id='word_1_98' title='bbox 994 1706 1079 1770; x_wconf 87' lang='lat' dir='ltr'><strong>locus</strong></span> <span class='ocrx_word' id='word_1_99' title='bbox 1108 1702 1303 1786; x_wconf 85' lang='lat' dir='ltr'><strong>pronominis</strong></span> 
     </span>
    </p>
   </div>
   <div class='ocr_carea' id='block_1_8' title="bbox 230 1803 1359 2106">
    <p class='ocr_par' dir='ltr' id='par_1_8' title="bbox 230 1803 1359 2106">
     <span class='ocr_line' id='line_1_14' title="bbox 232 1803 1359 1897; baseline -0.003 -20"><span class='ocrx_word' id='word_1_100' title='bbox 232 1811 291 1896; x_wconf 88' lang='grc' dir='ltr'><strong>σφί</strong></span> <span class='ocrx_word' id='word_1_101' title='bbox 321 1811 354 1875; x_wconf 92' lang='lat' dir='ltr'><strong>id</strong></span> <span class='ocrx_word' id='word_1_102' title='bbox 387 1810 426 1876; x_wconf 88' lang='lat' dir='ltr'><strong>ad</strong></span> <span class='ocrx_word' id='word_1_103' title='bbox 459 1803 631 1897; x_wconf 73' lang='grc' dir='ltr'><strong>ἐλάμβανε</strong></span> <span class='ocrx_word' id='word_1_104' title='bbox 665 1810 772 1876; x_wconf 81' lang='lat' dir='ltr'><strong>referri</strong></span> <span class='ocrx_word' id='word_1_105' title='bbox 805 1812 888 1877; x_wconf 85' lang='lat' dir='ltr'><strong>sinit.</strong></span> <span class='ocrx_word' id='word_1_106' title='bbox 941 1809 1105 1876; x_wconf 86' lang='lat' dir='ltr'><strong>Particulae</strong></span> <span class='ocrx_word' id='word_1_107' title='bbox 1144 1811 1198 1875; x_wconf 77' lang='grc' dir='ltr'><strong>καὶ</strong></span> <span class='ocrx_word' id='word_1_108' title='bbox 1232 1806 1304 1894; x_wconf 72' lang='grc' dir='ltr'><strong>ἤδη</strong></span> <span class='ocrx_word' id='word_1_109' title='bbox 1358 1831 1359 1846; x_wconf 31' lang='grc' dir='ltr'><strong><em>ν</em></strong></span> 
     </span>
     <span class='ocr_line' id='line_1_15' title="bbox 230 1916 1359 2000; baseline -0.004 -18"><span class='ocrx_word' id='word_1_110' title='bbox 230 1917 395 1983; x_wconf 83' lang='lat' dir='ltr'><strong>manifesto</strong></span> <span class='ocrx_word' id='word_1_111' title='bbox 418 1918 587 1982; x_wconf 89' lang='lat' dir='ltr'><strong>ostendunt</strong></span> <span class='ocrx_word' id='word_1_112' title='bbox 607 1917 683 1982; x_wconf 91' lang='lat' dir='ltr'><strong>dnos</strong></span> <span class='ocrx_word' id='word_1_113' title='bbox 706 1919 840 1999; x_wconf 88' lang='lat' dir='ltr'><strong>seperari</strong></span> <span class='ocrx_word' id='word_1_114' title='bbox 862 1919 906 1983; x_wconf 93' lang='lat' dir='ltr'><strong>rei</strong></span> <span class='ocrx_word' id='word_1_115' title='bbox 930 1919 962 1982; x_wconf 90' lang='lat' dir='ltr'><strong>et</strong></span> <span class='ocrx_word' id='word_1_116' title='bbox 987 1916 1150 1982; x_wconf 83' lang='lat' dir='ltr'><strong>sententiae</strong></span> <span class='ocrx_word' id='word_1_117' title='bbox 1172 1917 1301 2000; x_wconf 84' lang='lat' dir='ltr'><strong>gradus,</strong></span> <span class='ocrx_word' id='word_1_118' title='bbox 1358 1963 1359 1976; x_wconf 51' lang='lat'><em>2</em></span> 
     </span>
     <span class='ocr_line' id='line_1_16' title="bbox 230 2021 1359 2106; baseline 0.001 -19"><span class='ocrx_word' id='word_1_119' title='bbox 230 2027 266 2088; x_wconf 93' lang='lat' dir='ltr'><strong>ut</strong></span> <span class='ocrx_word' id='word_1_120' title='bbox 285 2024 421 2105; x_wconf 88' lang='lat' dir='ltr'><strong>primum</strong></span> <span class='ocrx_word' id='word_1_121' title='bbox 436 2022 568 2088; x_wconf 88' lang='lat' dir='ltr'><strong>munitio</strong></span> <span class='ocrx_word' id='word_1_122' title='bbox 583 2022 761 2090; x_wconf 89' lang='lat' dir='ltr'><strong>continuata</strong></span> <span class='ocrx_word' id='word_1_123' title='bbox 772 2024 904 2103; x_wconf 86' lang='lat' dir='ltr'><strong>dicetur,</strong></span> <span class='ocrx_word' id='word_1_124' title='bbox 923 2023 1046 2098; x_wconf 90' lang='lat' dir='ltr'><strong>deinde,</strong></span> <span class='ocrx_word' id='word_1_125' title='bbox 1062 2040 1220 2106; x_wconf 81' lang='lat' dir='ltr'><strong>quousque</strong></span> <span class='ocrx_word' id='word_1_126' title='bbox 1236 2021 1304 2088; x_wconf 89' lang='lat' dir='ltr'><strong>iem</strong></span> <span class='ocrx_word' id='word_1_127' title='bbox 1358 2079 1359 2098; x_wconf 72' lang='lat'><strong>,</strong></span> 
     </span>
    </p>
   </div>
   <div class='ocr_carea' id='block_1_9' title="bbox 225 2121 1358 2215">
    <p class='ocr_par' dir='ltr' id='par_1_9' title="bbox 225 2121 1358 2215">
     <span class='ocr_line' id='line_1_17' title="bbox 225 2121 1358 2215; baseline 0 -19"><span class='ocrx_word' id='word_1_128' title='bbox 225 2129 423 2211; x_wconf 87' lang='lat' dir='ltr'><strong>processerit.</strong></span> <span class='ocrx_word' id='word_1_129' title='bbox 468 2129 669 2194; x_wconf 86' lang='lat' dir='ltr'><strong>Scribendum</strong></span> <span class='ocrx_word' id='word_1_130' title='bbox 690 2131 883 2196; x_wconf 76' lang='lat' dir='ltr'><strong>sine-dubio:</strong></span> <span class='ocrx_word' id='word_1_131' title='bbox 908 2128 982 2215; x_wconf 78' lang='grc' dir='ltr'><strong>ἅμα</strong></span> <span class='ocrx_word' id='word_1_132' title='bbox 1005 2129 1039 2194; x_wconf 71' lang='grc' dir='ltr'><strong>δὲ</strong></span> <span class='ocrx_word' id='word_1_133' title='bbox 1054 2125 1092 2196; x_wconf 68' lang='lat' dir='ltr'><strong>so*</strong></span> <span class='ocrx_word' id='word_1_134' title='bbox 1116 2121 1225 2215; x_wconf 79' lang='grc' dir='ltr'><strong><em>τεῖχός</em></strong></span> <span class='ocrx_word' id='word_1_135' title='bbox 1241 2153 1302 2212; x_wconf 89' lang='grc' dir='ltr'><strong>σφι</strong></span> <span class='ocrx_word' id='word_1_136' title='bbox 1355 2122 1358 2196; x_wconf 74' lang='grc' dir='ltr'>Ῑ</span> 
     </span>
    </p>
   </div>
   <div class='ocr_carea' id='block_1_10' title="bbox 230 2229 1358 2429">
    <p class='ocr_par' dir='ltr' id='par_1_10' title="bbox 230 2229 1358 2429">
     <span class='ocr_line' id='line_1_18' title="bbox 231 2229 1358 2323; baseline -0.003 -21"><span class='ocrx_word' id='word_1_137' title='bbox 231 2233 268 2302; x_wconf 89' lang='grc' dir='ltr'><em>τό</em></span> <span class='ocrx_word' id='word_1_138' title='bbox 286 2241 322 2302; x_wconf 79' lang='grc' dir='ltr'><strong>ἐν</strong></span> <span class='ocrx_word' id='word_1_139' title='bbox 338 2235 382 2323; x_wconf 78' lang='grc' dir='ltr'><strong>τῷ</strong></span> <span class='ocrx_word' id='word_1_140' title='bbox 405 2231 539 2322; x_wconf 76' lang='grc' dir='ltr'><strong><em>Ἰσθμῷ</em></strong></span> <span class='ocrx_word' id='word_1_141' title='bbox 563 2236 776 2321; x_wconf 76' lang='grc' dir='ltr'><strong><em>ἐτειχέετσ</em></strong></span> <span class='ocrx_word' id='word_1_142' title='bbox 801 2237 855 2302; x_wconf 76' lang='grc' dir='ltr'><strong>καὶ</strong></span> <span class='ocrx_word' id='word_1_143' title='bbox 874 2233 940 2323; x_wconf 77' lang='grc' dir='ltr'><strong>ἤδη</strong></span> <span class='ocrx_word' id='word_1_144' title='bbox 961 2229 1097 2311; x_wconf 71' lang='grc' dir='ltr'><strong><em>ἐπάλξις</em></strong></span> <span class='ocrx_word' id='word_1_145' title='bbox 1112 2231 1303 2320; x_wconf 76' lang='grc' dir='ltr'><strong><em>ἐλάμβανε.</em></strong></span> <span class='ocrx_word' id='word_1_146' title='bbox 1357 2253 1358 2260; x_wconf 75' lang='grc'>’</span> 
     </span>
     <span class='ocr_line' id='line_1_19' title="bbox 230 2337 1357 2429; baseline -0.003 -21"><span class='ocrx_word' id='word_1_147' title='bbox 230 2342 390 2409; x_wconf 86' lang='lat' dir='ltr'><strong>Artienlns</strong></span> <span class='ocrx_word' id='word_1_148' title='bbox 413 2337 454 2409; x_wconf 80' lang='grc' dir='ltr'><strong>τό</strong></span> <span class='ocrx_word' id='word_1_149' title='bbox 476 2363 531 2427; x_wconf 90' lang='lat' dir='ltr'><strong>pro</strong></span> <span class='ocrx_word' id='word_1_150' title='bbox 554 2342 685 2409; x_wconf 84' lang='lat' dir='ltr'><strong>relativo</strong></span> <span class='ocrx_word' id='word_1_151' title='bbox 701 2347 844 2428; x_wconf 88' lang='lat' dir='ltr'><strong>acceptus</strong></span> <span class='ocrx_word' id='word_1_152' title='bbox 860 2362 991 2410; x_wconf 90' lang='lat' dir='ltr'><strong>errorem</strong></span> <span class='ocrx_word' id='word_1_153' title='bbox 1006 2343 1150 2429; x_wconf 86' lang='lat' dir='ltr'><strong>genuisse</strong></span> <span class='ocrx_word' id='word_1_154' title='bbox 1165 2342 1301 2407; x_wconf 88' lang='lat' dir='ltr'><strong>videtur.</strong></span> <span class='ocrx_word' id='word_1_155' title='bbox 1353 2346 1357 2355; x_wconf 92' lang='lat'>&#39;</span> 
     </span>
    </p>
   </div>
   <div class='ocr_carea' id='block_1_11' title="bbox 229 2496 1363 2905">
    <p class='ocr_par' dir='ltr' id='par_1_11' title="bbox 229 2496 1363 2905">
     <span class='ocr_line' id='line_1_20' title="bbox 330 2496 1363 2597; baseline 0.001 -33"><span class='ocrx_word' id='word_1_156' title='bbox 330 2500 410 2568; x_wconf 88' lang='lat' dir='ltr'><strong>Ibid.</strong></span> <span class='ocrx_word' id='word_1_157' title='bbox 444 2502 501 2566; x_wconf 82' lang='lat'><strong>57:</strong></span> <span class='ocrx_word' id='word_1_158' title='bbox 538 2496 793 2588; x_wconf 75' lang='grc' dir='ltr'><em>προτερεόντων</em></span> <span class='ocrx_word' id='word_1_159' title='bbox 826 2502 860 2567; x_wconf 76' lang='lat' dir='ltr'><strong>dt</strong></span> <span class='ocrx_word' id='word_1_160' title='bbox 893 2503 961 2568; x_wconf 79' lang='grc' dir='ltr'><strong>τῶν</strong></span> <span class='ocrx_word' id='word_1_161' title='bbox 999 2496 1062 2569; x_wconf 73' lang='lat' dir='ltr'><strong>noir</strong></span> <span class='ocrx_word' id='word_1_162' title='bbox 1098 2501 1301 2589; x_wconf 73' lang='grc' dir='ltr'><strong><em>Παυσανίῃ,</em></strong></span> <span class='ocrx_word' id='word_1_163' title='bbox 1353 2511 1363 2597; x_wconf 55' lang='lat' dir='ltr'>J</span> 
     </span>
     <span class='ocr_line' id='line_1_21' title="bbox 231 2600 1303 2696; baseline 0.004 -26"><span class='ocrx_word' id='word_1_164' title='bbox 231 2600 416 2682; x_wconf 77' lang='grc' dir='ltr'><strong><em>καταδόξας</em></strong></span> <span class='ocrx_word' id='word_1_165' title='bbox 445 2601 573 2682; x_wconf 70' lang='grc' dir='ltr'><strong><em>αὐτούς</em></strong></span> <span class='ocrx_word' id='word_1_166' title='bbox 597 2613 675 2695; x_wconf 73' lang='grc' dir='ltr'><strong>ἰθέῃ</strong></span> <span class='ocrx_word' id='word_1_167' title='bbox 698 2613 796 2696; x_wconf 79' lang='grc' dir='ltr'><strong><em>τέχνῃ</em></strong></span> <span class='ocrx_word' id='word_1_168' title='bbox 818 2603 1004 2676; x_wconf 79' lang='grc' dir='ltr'><strong><em>α’πολιντεῑν</em></strong></span> <span class='ocrx_word' id='word_1_169' title='bbox 1026 2602 1145 2684; x_wconf 70' lang='grc' dir='ltr'><strong><em>αὐτόν,</em></strong></span> <span class='ocrx_word' id='word_1_170' title='bbox 1168 2601 1303 2674; x_wconf 82' lang='grc' dir='ltr'><strong><em>α’ναλα-</em></strong></span> 
     </span>
     <span class='ocr_line' id='line_1_22' title="bbox 229 2703 1298 2801; baseline 0.005 -23"><span class='ocrx_word' id='word_1_171' title='bbox 229 2704 338 2798; x_wconf 78' lang='grc' dir='ltr'><strong><em>βόντα</em></strong></span> <span class='ocrx_word' id='word_1_172' title='bbox 372 2708 434 2779; x_wconf 85' lang='grc' dir='ltr'><strong>τόν</strong></span> <span class='ocrx_word' id='word_1_173' title='bbox 467 2707 566 2800; x_wconf 79' lang='grc' dir='ltr'><strong><em>λόχον</em></strong></span> <span class='ocrx_word' id='word_1_174' title='bbox 598 2710 640 2780; x_wconf 76' lang='lat' dir='ltr'><strong>cd</strong></span> <span class='ocrx_word' id='word_1_175' title='bbox 674 2710 765 2781; x_wconf 84' lang='grc' dir='ltr'><strong><em>ὅπλα</em></strong></span> <span class='ocrx_word' id='word_1_176' title='bbox 799 2705 860 2801; x_wconf 76' lang='grc' dir='ltr'><strong>ἦγε</strong></span> <span class='ocrx_word' id='word_1_177' title='bbox 892 2710 1007 2801; x_wconf 73' lang='grc' dir='ltr'><strong><em>βάδην</em></strong></span> <span class='ocrx_word' id='word_1_178' title='bbox 1035 2711 1121 2801; x_wconf 78' lang='grc' dir='ltr'><strong><em>πρὸς</em></strong></span> <span class='ocrx_word' id='word_1_179' title='bbox 1150 2713 1188 2780; x_wconf 81' lang='lat' dir='ltr'><strong>od</strong></span> <span class='ocrx_word' id='word_1_180' title='bbox 1212 2703 1298 2783; x_wconf 72' lang='lat' dir='ltr'><strong>diro</strong></span> 
     </span>
     <span class='ocr_line' id='line_1_23' title="bbox 229 2820 1362 2905; baseline 0.002 -21"><span class='ocrx_word' id='word_1_181' title='bbox 229 2833 357 2905; x_wconf 82' lang='grc' dir='ltr'><strong><em>στῖφος.</em></strong></span> <span class='ocrx_word' id='word_1_182' title='bbox 414 2821 685 2902; x_wconf 84' lang='lat' dir='ltr'><strong>Amompbaretus,</strong></span> <span class='ocrx_word' id='word_1_183' title='bbox 718 2821 771 2903; x_wconf 91' lang='lat' dir='ltr'><strong>qni</strong></span> <span class='ocrx_word' id='word_1_184' title='bbox 805 2820 912 2887; x_wconf 89' lang='lat' dir='ltr'><strong>cedere</strong></span> <span class='ocrx_word' id='word_1_185' title='bbox 944 2823 1012 2888; x_wconf 92' lang='lat' dir='ltr'><strong>loco</strong></span> <span class='ocrx_word' id='word_1_186' title='bbox 1034 2821 1187 2900; x_wconf 89' lang='lat' dir='ltr'><strong>noluerat,</strong></span> <span class='ocrx_word' id='word_1_187' title='bbox 1224 2842 1296 2891; x_wconf 75' lang='lat' dir='ltr'><strong>euno</strong></span> <span class='ocrx_word' id='word_1_188' title='bbox 1354 2822 1362 2864; x_wconf 18' lang='grc' dir='ltr'><strong>’κ</strong></span> 
     </span>
    </p>
   </div>
   <div class='ocr_carea' id='block_1_12' title="bbox 177 2925 1300 4186">
    <p class='ocr_par' dir='ltr' id='par_1_12' title="bbox 177 2925 1300 4186">
     <span class='ocr_line' id='line_1_24' title="bbox 229 2925 1299 3011; baseline 0.003 -21"><span class='ocrx_word' id='word_1_189' title='bbox 229 2926 414 2992; x_wconf 82' lang='lat' dir='ltr'><strong>Pausaniam</strong></span> <span class='ocrx_word' id='word_1_190' title='bbox 448 2929 623 3011; x_wconf 90' lang='lat' dir='ltr'><strong>ceterosque</strong></span> <span class='ocrx_word' id='word_1_191' title='bbox 656 2945 726 2992; x_wconf 89' lang='lat' dir='ltr'><strong>enm</strong></span> <span class='ocrx_word' id='word_1_192' title='bbox 760 2946 794 2992; x_wconf 93' lang='lat' dir='ltr'><strong>eo</strong></span> <span class='ocrx_word' id='word_1_193' title='bbox 828 2925 984 2994; x_wconf 88' lang='lat' dir='ltr'><strong>discedere</strong></span> <span class='ocrx_word' id='word_1_194' title='bbox 1014 2926 1144 3003; x_wconf 89' lang='lat' dir='ltr'><strong>videret,</strong></span> <span class='ocrx_word' id='word_1_195' title='bbox 1174 2928 1299 3010; x_wconf 87' lang='lat' dir='ltr'><strong>putavit</strong></span> 
     </span>
     <span class='ocr_line' id='line_1_25' title="bbox 228 3032 1300 3116; baseline 0.003 -20"><span class='ocrx_word' id='word_1_196' title='bbox 228 3032 287 3098; x_wconf 94' lang='lat' dir='ltr'><strong>hoc</strong></span> <span class='ocrx_word' id='word_1_197' title='bbox 316 3033 399 3098; x_wconf 86' lang='lat' dir='ltr'><strong>corto</strong></span> <span class='ocrx_word' id='word_1_198' title='bbox 434 3034 467 3097; x_wconf 89' lang='lat' dir='ltr'><strong>et</strong></span> <span class='ocrx_word' id='word_1_199' title='bbox 498 3033 651 3099; x_wconf 87' lang='lat' dir='ltr'><strong>destinato</strong></span> <span class='ocrx_word' id='word_1_200' title='bbox 682 3033 808 3099; x_wconf 88' lang='lat' dir='ltr'><strong>oonsilio</strong></span> <span class='ocrx_word' id='word_1_201' title='bbox 839 3053 890 3099; x_wconf 92' lang='lat' dir='ltr'><strong>eos</strong></span> <span class='ocrx_word' id='word_1_202' title='bbox 919 3035 1028 3108; x_wconf 83' lang='lat' dir='ltr'><strong>iacere,</strong></span> <span class='ocrx_word' id='word_1_203' title='bbox 1051 3033 1081 3098; x_wconf 93' lang='lat' dir='ltr'><strong>in</strong></span> <span class='ocrx_word' id='word_1_204' title='bbox 1104 3052 1164 3116; x_wconf 88' lang='lat' dir='ltr'><strong>quo</strong></span> <span class='ocrx_word' id='word_1_205' title='bbox 1186 3033 1300 3099; x_wconf 82' lang='lat' dir='ltr'><strong>fefellit</strong></span> 
     </span>
     <span class='ocr_line' id='line_1_26' title="bbox 229 3138 1298 3223; baseline 0.001 -20"><span class='ocrx_word' id='word_1_206' title='bbox 229 3158 300 3204; x_wconf 91' lang='lat' dir='ltr'><strong>eum</strong></span> <span class='ocrx_word' id='word_1_207' title='bbox 332 3138 517 3223; x_wconf 87' lang='lat' dir='ltr'><strong>coniectura,</strong></span> <span class='ocrx_word' id='word_1_208' title='bbox 551 3157 624 3204; x_wconf 88' lang='lat' dir='ltr'><strong>nam</strong></span> <span class='ocrx_word' id='word_1_209' title='bbox 656 3139 822 3206; x_wconf 87' lang='lat' dir='ltr'><strong>Pausanias</strong></span> <span class='ocrx_word' id='word_1_210' title='bbox 854 3139 924 3205; x_wconf 89' lang='lat' dir='ltr'><strong>ideo</strong></span> <span class='ocrx_word' id='word_1_211' title='bbox 957 3141 1079 3206; x_wconf 85' lang='lat' dir='ltr'><strong>tentum</strong></span> <span class='ocrx_word' id='word_1_212' title='bbox 1103 3139 1298 3214; x_wconf 81' lang='lat' dir='ltr'><strong>discesserat,</strong></span> 
     </span>
     <span class='ocr_line' id='line_1_27' title="bbox 177 3243 1296 3329; baseline 0.003 -20"><span class='ocrx_word' id='word_1_213' title='bbox 177 3274 179 3285; x_wconf 45' lang='lat' dir='ltr'>v</span> <span class='ocrx_word' id='word_1_214' title='bbox 228 3245 310 3327; x_wconf 88' lang='lat' dir='ltr'><strong>quod</strong></span> <span class='ocrx_word' id='word_1_215' title='bbox 331 3245 471 3329; x_wconf 89' lang='lat' dir='ltr'><strong>putabat,</strong></span> <span class='ocrx_word' id='word_1_216' title='bbox 494 3245 522 3309; x_wconf 89' lang='lat' dir='ltr'><strong>si</strong></span> <span class='ocrx_word' id='word_1_217' title='bbox 543 3243 720 3310; x_wconf 91' lang='lat' dir='ltr'><strong>discedendi</strong></span> <span class='ocrx_word' id='word_1_218' title='bbox 749 3246 910 3312; x_wconf 87' lang='lat' dir='ltr'><strong>consilium</strong></span> <span class='ocrx_word' id='word_1_219' title='bbox 932 3246 1078 3311; x_wconf 83' lang='lat' dir='ltr'><strong>audacter</strong></span> <span class='ocrx_word' id='word_1_220' title='bbox 1099 3245 1296 3312; x_wconf 89' lang='lat' dir='ltr'><strong>ostendisset.</strong></span> 
     </span>
     <span class='ocr_line' id='line_1_28' title="bbox 228 3351 1297 3437; baseline 0.002 -23"><span class='ocrx_word' id='word_1_221' title='bbox 228 3351 504 3432; x_wconf 84' lang='lat' dir='ltr'><strong>Amompbaretum</strong></span> <span class='ocrx_word' id='word_1_222' title='bbox 526 3354 701 3417; x_wconf 90' lang='lat' dir='ltr'><strong>secuturum</strong></span> <span class='ocrx_word' id='word_1_223' title='bbox 724 3371 800 3433; x_wconf 85' lang='lat' dir='ltr'><strong>esse,</strong></span> <span class='ocrx_word' id='word_1_224' title='bbox 823 3353 903 3437; x_wconf 91' lang='lat' dir='ltr'><strong>qood</strong></span> <span class='ocrx_word' id='word_1_225' title='bbox 926 3353 1047 3419; x_wconf 90' lang='lat' dir='ltr'><strong>accidit.</strong></span> <span class='ocrx_word' id='word_1_226' title='bbox 1095 3351 1205 3434; x_wconf 89' lang='lat' dir='ltr'><strong>Itaque</strong></span> <span class='ocrx_word' id='word_1_227' title='bbox 1226 3353 1297 3417; x_wconf 86' lang='lat' dir='ltr'><strong>arte</strong></span> 
     </span>
     <span class='ocr_line' id='line_1_29' title="bbox 227 3455 1297 3540; baseline 0.003 -21"><span class='ocrx_word' id='word_1_228' title='bbox 227 3455 387 3522; x_wconf 85' lang='lat' dir='ltr'><strong>Pausaniae</strong></span> <span class='ocrx_word' id='word_1_229' title='bbox 420 3457 452 3520; x_wconf 91' lang='lat' dir='ltr'><strong>et</strong></span> <span class='ocrx_word' id='word_1_230' title='bbox 484 3456 631 3521; x_wconf 89' lang='lat' dir='ltr'><strong>simulata</strong></span> <span class='ocrx_word' id='word_1_231' title='bbox 663 3458 786 3523; x_wconf 91' lang='lat' dir='ltr'><strong>consilii</strong></span> <span class='ocrx_word' id='word_1_232' title='bbox 818 3458 966 3524; x_wconf 84' lang='lat' dir='ltr'><strong>firmitate</strong></span> <span class='ocrx_word' id='word_1_233' title='bbox 995 3461 1151 3540; x_wconf 88' lang='lat' dir='ltr'><strong>permotus</strong></span> <span class='ocrx_word' id='word_1_234' title='bbox 1179 3462 1237 3531; x_wconf 89' lang='lat' dir='ltr'><strong>est,</strong></span> <span class='ocrx_word' id='word_1_235' title='bbox 1260 3459 1297 3522; x_wconf 89' lang='lat' dir='ltr'><strong>ut</strong></span> 
     </span>
     <span class='ocr_line' id='line_1_30' title="bbox 227 3561 1296 3648; baseline 0.001 -22"><span class='ocrx_word' id='word_1_236' title='bbox 227 3580 282 3627; x_wconf 90' lang='lat' dir='ltr'><strong>suo</strong></span> <span class='ocrx_word' id='word_1_237' title='bbox 301 3563 367 3644; x_wconf 92' lang='lat' dir='ltr'><strong>ipse</strong></span> <span class='ocrx_word' id='word_1_238' title='bbox 390 3561 514 3628; x_wconf 89' lang='lat' dir='ltr'><strong>oonsilio</strong></span> <span class='ocrx_word' id='word_1_239' title='bbox 536 3562 642 3628; x_wconf 90' lang='lat' dir='ltr'><strong>relicto</strong></span> <span class='ocrx_word' id='word_1_240' title='bbox 664 3563 850 3630; x_wconf 89' lang='lat' dir='ltr'><strong>Pausaniam</strong></span> <span class='ocrx_word' id='word_1_241' title='bbox 879 3567 1067 3648; x_wconf 87' lang='lat' dir='ltr'><strong>sequeretur.</strong></span> <span class='ocrx_word' id='word_1_242' title='bbox 1122 3562 1239 3628; x_wconf 87' lang='lat' dir='ltr'><strong>Verum</strong></span> <span class='ocrx_word' id='word_1_243' title='bbox 1263 3565 1296 3629; x_wconf 89' lang='lat' dir='ltr'><strong>et</strong></span> 
     </span>
     <span class='ocr_line' id='line_1_31' title="bbox 229 3667 1296 3760; baseline 0.001 -27"><span class='ocrx_word' id='word_1_244' title='bbox 229 3669 268 3733; x_wconf 88' lang='lat' dir='ltr'><strong>ab</strong></span> <span class='ocrx_word' id='word_1_245' title='bbox 289 3667 348 3732; x_wconf 88' lang='lat' dir='ltr'><strong>hac</strong></span> <span class='ocrx_word' id='word_1_246' title='bbox 369 3686 471 3732; x_wconf 89' lang='lat' dir='ltr'><strong>rerum</strong></span> <span class='ocrx_word' id='word_1_247' title='bbox 493 3672 624 3736; x_wconf 88' lang='lat' dir='ltr'><strong>veritate</strong></span> <span class='ocrx_word' id='word_1_248' title='bbox 645 3670 790 3737; x_wconf 87' lang='lat' dir='ltr'><strong>abhorret</strong></span> <span class='ocrx_word' id='word_1_249' title='bbox 818 3675 901 3758; x_wconf 67' lang='lat' dir='ltr'><strong>terp</strong></span> <span class='ocrx_word' id='word_1_250' title='bbox 922 3679 1030 3760; x_wconf 72' lang='grc' dir='ltr'><strong><em>σε’χνφ,</em></strong></span> <span class='ocrx_word' id='word_1_251' title='bbox 1059 3673 1090 3736; x_wconf 89' lang='lat' dir='ltr'><strong>et</strong></span> <span class='ocrx_word' id='word_1_252' title='bbox 1116 3671 1218 3754; x_wconf 89' lang='lat' dir='ltr'><strong>ipsum</strong></span> <span class='ocrx_word' id='word_1_253' title='bbox 1240 3688 1296 3751; x_wconf 92' lang='lat' dir='ltr'><strong>per</strong></span> 
     </span>
     <span class='ocr_line' id='line_1_32' title="bbox 226 3773 1294 3860; baseline 0 -20"><span class='ocrx_word' id='word_1_254' title='bbox 226 3793 259 3840; x_wconf 91' lang='lat' dir='ltr'><strong>se</strong></span> <span class='ocrx_word' id='word_1_255' title='bbox 280 3791 372 3856; x_wconf 87' lang='lat' dir='ltr'><strong>prave</strong></span> <span class='ocrx_word' id='word_1_256' title='bbox 394 3773 517 3854; x_wconf 84' lang='lat' dir='ltr'><strong>dicitur,</strong></span> <span class='ocrx_word' id='word_1_257' title='bbox 541 3775 685 3858; x_wconf 84' lang='lat' dir='ltr'><strong>quoniam</strong></span> <span class='ocrx_word' id='word_1_258' title='bbox 707 3778 859 3842; x_wconf 69' lang='lat' dir='ltr'><strong>cantaria</strong></span> <span class='ocrx_word' id='word_1_259' title='bbox 880 3782 961 3851; x_wconf 87' lang='lat' dir='ltr'><strong>suot,</strong></span> <span class='ocrx_word' id='word_1_260' title='bbox 992 3796 1060 3860; x_wconf 84' lang='lat' dir='ltr'><strong>quae</strong></span> <span class='ocrx_word' id='word_1_261' title='bbox 1081 3795 1151 3842; x_wconf 88' lang='lat' dir='ltr'><strong>vere</strong></span> <span class='ocrx_word' id='word_1_262' title='bbox 1173 3777 1205 3841; x_wconf 88' lang='lat' dir='ltr'><strong>et</strong></span> <span class='ocrx_word' id='word_1_263' title='bbox 1226 3777 1294 3841; x_wconf 88' lang='lat' dir='ltr'><strong>sine</strong></span> 
     </span>
     <span class='ocr_line' id='line_1_33' title="bbox 226 3879 1295 3973; baseline 0.004 -28"><span class='ocrx_word' id='word_1_264' title='bbox 226 3880 290 3945; x_wconf 90' lang='lat' dir='ltr'><strong>ulla</strong></span> <span class='ocrx_word' id='word_1_265' title='bbox 312 3879 508 3946; x_wconf 85' lang='lat' dir='ltr'><strong>simulatione</strong></span> <span class='ocrx_word' id='word_1_266' title='bbox 530 3881 608 3947; x_wconf 86' lang='lat' dir='ltr'><strong>fiant</strong></span> <span class='ocrx_word' id='word_1_267' title='bbox 630 3885 745 3971; x_wconf 76' lang='grc' dir='ltr'><strong>(ἰθέῃ),</strong></span> <span class='ocrx_word' id='word_1_268' title='bbox 779 3886 811 3949; x_wconf 90' lang='lat' dir='ltr'><strong>et</strong></span> <span class='ocrx_word' id='word_1_269' title='bbox 844 3900 911 3967; x_wconf 87' lang='lat' dir='ltr'><strong>quae</strong></span> <span class='ocrx_word' id='word_1_270' title='bbox 943 3884 1009 3949; x_wconf 88' lang='lat' dir='ltr'><strong>arte</strong></span> <span class='ocrx_word' id='word_1_271' title='bbox 1044 3887 1173 3973; x_wconf 76' lang='grc' dir='ltr'><strong>(τέχνῃ).</strong></span> <span class='ocrx_word' id='word_1_272' title='bbox 1229 3885 1295 3949; x_wconf 83' lang='lat' dir='ltr'><strong>Aut</strong></span> 
     </span>
     <span class='ocr_line' id='line_1_34' title="bbox 225 3987 1293 4076; baseline 0.004 -26"><span class='ocrx_word' id='word_1_273' title='bbox 225 3987 322 4071; x_wconf 85' lang='lat' dir='ltr'><strong>igitur</strong></span> <span class='ocrx_word' id='word_1_274' title='bbox 342 3991 441 4076; x_wconf 76' lang='grc' dir='ltr'><strong><em>τέχνῃ</em></strong></span> <span class='ocrx_word' id='word_1_275' title='bbox 462 4005 584 4071; x_wconf 90' lang='lat' dir='ltr'><strong>prorsus</strong></span> <span class='ocrx_word' id='word_1_276' title='bbox 596 3987 801 4053; x_wconf 88' lang='lat' dir='ltr'><strong>omittendum</strong></span> <span class='ocrx_word' id='word_1_277' title='bbox 825 3988 887 4063; x_wconf 90' lang='lat' dir='ltr'><strong>aut,</strong></span> <span class='ocrx_word' id='word_1_278' title='bbox 905 3988 987 4072; x_wconf 89' lang='lat' dir='ltr'><strong>quod</strong></span> <span class='ocrx_word' id='word_1_279' title='bbox 1000 3989 1090 4074; x_wconf 86' lang='lat' dir='ltr'><strong>longe</strong></span> <span class='ocrx_word' id='word_1_280' title='bbox 1105 3988 1293 4074; x_wconf 86' lang='lat' dir='ltr'><strong>probabilius</strong></span> 
     </span>
     <span class='ocr_line' id='line_1_35' title="bbox 225 4086 1292 4186; baseline 0.004 -28"><span class='ocrx_word' id='word_1_281' title='bbox 225 4097 282 4170; x_wconf 80' lang='lat' dir='ltr'><strong>est,</strong></span> <span class='ocrx_word' id='word_1_282' title='bbox 304 4094 516 4160; x_wconf 79' lang='lat' dir='ltr'><strong>scribendum:</strong></span> <span class='ocrx_word' id='word_1_283' title='bbox 540 4089 726 4170; x_wconf 73' lang='grc' dir='ltr'><strong><em>καταδόξας</em></strong></span> <span class='ocrx_word' id='word_1_284' title='bbox 751 4086 879 4168; x_wconf 70' lang='grc' dir='ltr'><strong><em>αὐτούς</em></strong></span> <span class='ocrx_word' id='word_1_285' title='bbox 900 4099 992 4186; x_wconf 72' lang='grc' dir='ltr'><strong><em>ἰθέῃ,</em></strong></span> <span class='ocrx_word' id='word_1_286' title='bbox 1015 4090 1170 4183; x_wconf 81' lang='grc' dir='ltr'><strong>&lt;μή&gt;</strong></span> <span class='ocrx_word' id='word_1_287' title='bbox 1191 4099 1292 4186; x_wconf 75' lang='grc' dir='ltr'><strong><em>τέχνῃ</em></strong></span> 
     </span>
    </p>
   </div>
   <div class='ocr_carea' id='block_1_13' title="bbox 1355 3997 1358 4028">
    <p class='ocr_par' dir='ltr' id='par_1_13' title="bbox 1355 3997 1358 4028">
     <span class='ocr_line' id='line_1_36' title="bbox 1355 3997 1358 4028; baseline 0 0"><span class='ocrx_word' id='word_1_288' title='bbox 1355 3997 1358 4028; x_wconf 86' lang='lat' dir='ltr'><strong>t</strong></span> 
     </span>
    </p>
   </div>
   <div class='ocr_carea' id='block_1_14' title="bbox 1332 4031 1358 4550">
    <p class='ocr_par' dir='ltr' id='par_1_14' title="bbox 1332 4031 1358 4550">
     <span class='ocr_line' id='line_1_37' title="bbox 1332 4031 1358 4550; baseline 0 0"><span class='ocrx_word' id='word_1_289' title='bbox 1332 4031 1358 4550; x_wconf 86' lang='lat' dir='ltr'><strong>l</strong></span> 
     </span>
    </p>
   </div>
   <div class='ocr_carea' id='block_1_15' title="bbox 0 0 1368 4582">
    <p class='ocr_par' dir='ltr' id='par_1_15' title="bbox 0 0 1368 4582">
     <span class='ocr_line' id='line_1_38' title="bbox 0 0 1368 4582; baseline 0 1"><span class='ocrx_word' id='word_1_290' title='bbox 0 0 1368 4582; x_wconf 95' lang='lat' dir='ltr'><strong> </strong></span> 
     </span>
    </p>
   </div>
  </div>
 </body>
</html>
