<?xml version="1.0" encoding="UTF-8"?>
<!DOCTYPE html PUBLIC "-//W3C//DTD XHTML 1.0 Transitional//EN"
    "http://www.w3.org/TR/xhtml1/DTD/xhtml1-transitional.dtd">
<html xmlns="http://www.w3.org/1999/xhtml" xml:lang="en" lang="en">
 <head>
  <title>
</title>
<meta http-equiv="Content-Type" content="text/html;charset=utf-8" />
  <meta name='ocr-system' content='tesseract 3.04.00' />
  <meta name='ocr-capabilities' content='ocr_page ocr_carea ocr_par ocr_line ocrx_word'/>
</head>
<body>
  <div class='ocr_page' id='page_1' title='image "./adversariacriti01madvgoog_0017.png"; bbox 0 0 2728 4582; ppageno 0'>
   <div class='ocr_carea' id='block_1_1' title="bbox 221 297 826 387">
    <p class='ocr_par' dir='ltr' id='par_1_1' title="bbox 221 297 826 387">
     <span class='ocr_line' id='line_1_1' title="bbox 221 297 826 387; baseline -0.007 -11"><span class='ocrx_word' id='word_1_1' title='bbox 221 319 240 376; x_wconf 88' lang='grc' dir='ltr'><strong><em>ο</em></strong></span> <span class='ocrx_word' id='word_1_2' title='bbox 461 297 467 307; x_wconf 87' lang='grc'><em>’</em></span> <span class='ocrx_word' id='word_1_3' title='bbox 598 315 826 387; x_wconf 56' lang='lat' dir='ltr'><strong>mmmm</strong></span> 
     </span>
    </p>
   </div>
   <div class='ocr_carea' id='block_1_2' title="bbox 176 513 1257 1244">
    <p class='ocr_par' dir='ltr' id='par_1_2' title="bbox 176 513 1257 813">
     <span class='ocr_line' id='line_1_2' title="bbox 178 513 1257 599; baseline 0.003 -22"><span class='ocrx_word' id='word_1_4' title='bbox 178 513 262 580; x_wconf 87' lang='lat' dir='ltr'><strong>tibus</strong></span> <span class='ocrx_word' id='word_1_5' title='bbox 284 513 368 578; x_wconf 87' lang='lat' dir='ltr'><strong>urbis</strong></span> <span class='ocrx_word' id='word_1_6' title='bbox 390 514 538 579; x_wconf 88' lang='lat' dir='ltr'><strong>matronis</strong></span> <span class='ocrx_word' id='word_1_7' title='bbox 562 515 709 580; x_wconf 86' lang='lat' dir='ltr'><strong>Minervae</strong></span> <span class='ocrx_word' id='word_1_8' title='bbox 730 514 761 580; x_wconf 93' lang='lat' dir='ltr'><strong>in</strong></span> <span class='ocrx_word' id='word_1_9' title='bbox 784 519 960 599; x_wconf 84' lang='lat' dir='ltr'><strong>arceatque</strong></span> <span class='ocrx_word' id='word_1_10' title='bbox 982 515 1097 598; x_wconf 88' lang='lat' dir='ltr'><strong>templo</strong></span> <span class='ocrx_word' id='word_1_11' title='bbox 1113 515 1257 582; x_wconf 86' lang='lat' dir='ltr'><strong>offerret.</strong></span> 
     </span>
     <span class='ocr_line' id='line_1_3' title="bbox 178 615 1253 704; baseline 0.004 -20"><span class='ocrx_word' id='word_1_12' title='bbox 178 619 348 703; x_wconf 86' lang='lat' dir='ltr'><strong>Postquam</strong></span> <span class='ocrx_word' id='word_1_13' title='bbox 370 619 467 703; x_wconf 85' lang='lat' dir='ltr'><strong>igitur</strong></span> <span class='ocrx_word' id='word_1_14' title='bbox 480 619 607 686; x_wconf 89' lang='lat' dir='ltr'><strong>Hecuba</strong></span> <span class='ocrx_word' id='word_1_15' title='bbox 629 621 660 685; x_wconf 90' lang='lat' dir='ltr'><strong>in</strong></span> <span class='ocrx_word' id='word_1_16' title='bbox 683 621 857 687; x_wconf 78' lang='lat' dir='ltr'><strong>cubiculum</strong></span> <span class='ocrx_word' id='word_1_17' title='bbox 873 615 1068 704; x_wconf 73' lang='grc' dir='ltr'><strong><em>(θάλαμον)</em></strong></span> <span class='ocrx_word' id='word_1_18' title='bbox 1084 621 1253 688; x_wconf 88' lang='lat' dir='ltr'><strong>odoratum</strong></span> 
     </span>
     <span class='ocr_line' id='line_1_4' title="bbox 176 725 1077 813; baseline 0.001 -22"><span class='ocrx_word' id='word_1_19' title='bbox 176 725 372 794; x_wconf 75' lang='lat' dir='ltr'><strong>descendisse</strong></span> <span class='ocrx_word' id='word_1_20' title='bbox 390 725 475 790; x_wconf 86' lang='lat' dir='ltr'><strong>dicta</strong></span> <span class='ocrx_word' id='word_1_21' title='bbox 496 726 554 798; x_wconf 88' lang='lat' dir='ltr'><strong>cst,</strong></span> <span class='ocrx_word' id='word_1_22' title='bbox 575 727 641 793; x_wconf 84' lang='lat' dir='ltr'><strong>haec</strong></span> <span class='ocrx_word' id='word_1_23' title='bbox 661 727 808 812; x_wconf 82' lang='lat' dir='ltr'><strong>leguntur</strong></span> <span class='ocrx_word' id='word_1_24' title='bbox 829 737 869 805; x_wconf 88' lang='lat' dir='ltr'><strong>(r.</strong></span> <span class='ocrx_word' id='word_1_25' title='bbox 894 729 955 793; x_wconf 71' lang='lat'><strong>289</strong></span> <span class='ocrx_word' id='word_1_26' title='bbox 977 738 1077 813; x_wconf 65' lang='lat' dir='ltr'><strong>sqqq:</strong></span> 
     </span>
    </p>

    <p class='ocr_par' dir='ltr' id='par_1_3' title="bbox 261 826 1191 923">
     <span class='ocr_line' id='line_1_5' title="bbox 261 826 1191 923; baseline -0.001 -23"><span class='ocrx_word' id='word_1_27' title='bbox 261 826 336 900; x_wconf 74' lang='grc' dir='ltr'><strong>ἕνθ’</strong></span> <span class='ocrx_word' id='word_1_28' title='bbox 358 838 439 900; x_wconf 80' lang='grc' dir='ltr'><strong><em>ἔσαν</em></strong></span> <span class='ocrx_word' id='word_1_29' title='bbox 460 836 494 899; x_wconf 86' lang='grc' dir='ltr'><strong>οἱ</strong></span> <span class='ocrx_word' id='word_1_30' title='bbox 515 837 652 910; x_wconf 80' lang='grc' dir='ltr'><strong><em>πίπλοι,</em></strong></span> <span class='ocrx_word' id='word_1_31' title='bbox 675 835 891 920; x_wconf 76' lang='grc' dir='ltr'><strong><em>παμποίκιλα</em></strong></span> <span class='ocrx_word' id='word_1_32' title='bbox 916 843 995 923; x_wconf 73' lang='grc' dir='ltr'><strong><em>ἔργα</em></strong></span> <span class='ocrx_word' id='word_1_33' title='bbox 1018 835 1191 922; x_wconf 72' lang='grc' dir='ltr'><strong><em>γυναικών</em></strong></span> 
     </span>
    </p>

    <p class='ocr_par' dir='ltr' id='par_1_4' title="bbox 263 933 1089 1027">
     <span class='ocr_line' id='line_1_6' title="bbox 263 933 1089 1027; baseline 0 -19"><span class='ocrx_word' id='word_1_34' title='bbox 263 939 440 1016; x_wconf 77' lang='grc' dir='ltr'><strong><em>Σιδονίων,</em></strong></span> <span class='ocrx_word' id='word_1_35' title='bbox 462 934 523 1014; x_wconf 75' lang='grc' dir='ltr'><strong>τας</strong></span> <span class='ocrx_word' id='word_1_36' title='bbox 545 933 650 1015; x_wconf 79' lang='grc' dir='ltr'><strong><em>αιίοιίς</em></strong></span> <span class='ocrx_word' id='word_1_37' title='bbox 672 935 895 1027; x_wconf 75' lang='grc' dir='ltr'><strong><em>Ἀλέξανδρος</em></strong></span> <span class='ocrx_word' id='word_1_38' title='bbox 919 935 1089 1027; x_wconf 68' lang='grc' dir='ltr'><strong><em>θεοειδής-</em></strong></span> 
     </span>
    </p>

    <p class='ocr_par' dir='ltr' id='par_1_5' title="bbox 259 1042 1070 1136">
     <span class='ocr_line' id='line_1_7' title="bbox 259 1042 1070 1136; baseline 0.002 -23"><span class='ocrx_word' id='word_1_39' title='bbox 259 1043 364 1136; x_wconf 72' lang='grc' dir='ltr'><strong><em>ἧγαγι</em></strong></span> <span class='ocrx_word' id='word_1_40' title='bbox 388 1047 610 1132; x_wconf 73' lang='grc' dir='ltr'><strong><em>Σιδονίηθεν,</em></strong></span> <span class='ocrx_word' id='word_1_41' title='bbox 633 1044 784 1123; x_wconf 76' lang='grc' dir='ltr'><strong><em>ἐπιπλοίς</em></strong></span> <span class='ocrx_word' id='word_1_42' title='bbox 805 1042 903 1134; x_wconf 71' lang='grc' dir='ltr'><strong><em>εὐρέα</em></strong></span> <span class='ocrx_word' id='word_1_43' title='bbox 927 1042 1070 1126; x_wconf 82' lang='grc' dir='ltr'><strong><em>πόντον,</em></strong></span> 
     </span>
    </p>

    <p class='ocr_par' dir='ltr' id='par_1_6' title="bbox 259 1149 1198 1244">
     <span class='ocr_line' id='line_1_8' title="bbox 259 1149 1198 1244; baseline 0.001 -26"><span class='ocrx_word' id='word_1_44' title='bbox 259 1149 324 1239; x_wconf 80' lang='grc' dir='ltr'><strong>τήν</strong></span> <span class='ocrx_word' id='word_1_45' title='bbox 346 1149 428 1222; x_wconf 75' lang='lat' dir='ltr'><strong>dode</strong></span> <span class='ocrx_word' id='word_1_46' title='bbox 449 1149 494 1239; x_wconf 82' lang='grc' dir='ltr'><strong>ἢν</strong></span> <span class='ocrx_word' id='word_1_47' title='bbox 514 1153 660 1240; x_wconf 77' lang='grc' dir='ltr'><strong><em>Ἑλένην</em></strong></span> <span class='ocrx_word' id='word_1_48' title='bbox 682 1181 746 1240; x_wconf 79' lang='grc' dir='ltr'><strong>περ</strong></span> <span class='ocrx_word' id='word_1_49' title='bbox 769 1149 944 1244; x_wconf 71' lang='grc' dir='ltr'><strong><em>α’νήνογεν</em></strong></span> <span class='ocrx_word' id='word_1_50' title='bbox 965 1159 1198 1241; x_wconf 69' lang='grc' dir='ltr'><strong><em>εὐπατέρειαν.</em></strong></span> 
     </span>
    </p>
   </div>
   <div class='ocr_carea' id='block_1_3' title="bbox 148 1260 1359 4215">
    <p class='ocr_par' dir='ltr' id='par_1_7' title="bbox 148 1260 1359 4215">
     <span class='ocr_line' id='line_1_9' title="bbox 277 1260 1250 1345; baseline 0.001 -20"><span class='ocrx_word' id='word_1_51' title='bbox 277 1260 328 1326; x_wconf 85' lang='lat' dir='ltr'><strong>Sic</strong></span> <span class='ocrx_word' id='word_1_52' title='bbox 349 1261 430 1327; x_wconf 92' lang='lat' dir='ltr'><strong>hunc</strong></span> <span class='ocrx_word' id='word_1_53' title='bbox 450 1262 552 1326; x_wconf 91' lang='lat' dir='ltr'><strong>locum</strong></span> <span class='ocrx_word' id='word_1_54' title='bbox 574 1265 722 1345; x_wconf 88' lang='lat' dir='ltr'><strong>scriptum</strong></span> <span class='ocrx_word' id='word_1_55' title='bbox 745 1263 923 1331; x_wconf 87' lang='lat' dir='ltr'><strong>habuerunt</strong></span> <span class='ocrx_word' id='word_1_56' title='bbox 945 1282 1003 1329; x_wconf 92' lang='lat' dir='ltr'><strong>non</strong></span> <span class='ocrx_word' id='word_1_57' title='bbox 1026 1262 1126 1328; x_wconf 89' lang='lat' dir='ltr'><strong>solum</strong></span> <span class='ocrx_word' id='word_1_58' title='bbox 1141 1279 1250 1345; x_wconf 83' lang='lat' dir='ltr'><strong>gram·</strong></span> 
     </span>
     <span class='ocr_line' id='line_1_10' title="bbox 176 1365 1246 1452; baseline 0.001 -22"><span class='ocrx_word' id='word_1_59' title='bbox 176 1366 291 1442; x_wconf 72' lang='lat' dir='ltr'><strong>mathi,</strong></span> <span class='ocrx_word' id='word_1_60' title='bbox 315 1367 508 1442; x_wconf 86' lang='lat' dir='ltr'><strong>scholiorum,</strong></span> <span class='ocrx_word' id='word_1_61' title='bbox 532 1388 599 1451; x_wconf 76' lang='lat' dir='ltr'><strong>quae</strong></span> <span class='ocrx_word' id='word_1_62' title='bbox 626 1373 663 1434; x_wconf 87' lang='lat' dir='ltr'><strong>ad</strong></span> <span class='ocrx_word' id='word_1_63' title='bbox 695 1387 748 1434; x_wconf 89' lang='lat' dir='ltr'><strong>nos</strong></span> <span class='ocrx_word' id='word_1_64' title='bbox 772 1372 983 1452; x_wconf 86' lang='lat' dir='ltr'><strong>pervenerunt,</strong></span> <span class='ocrx_word' id='word_1_65' title='bbox 1008 1372 1155 1438; x_wconf 83' lang='lat' dir='ltr'><strong>auctores.</strong></span> <span class='ocrx_word' id='word_1_66' title='bbox 1179 1365 1246 1444; x_wconf 80' lang='lat' dir='ltr'><strong>sed,</strong></span> 
     </span>
     <span class='ocr_line' id='line_1_11' title="bbox 174 1468 1247 1559; baseline -0.001 -21"><span class='ocrx_word' id='word_1_67' title='bbox 174 1473 212 1538; x_wconf 93' lang='lat' dir='ltr'><strong>ut</strong></span> <span class='ocrx_word' id='word_1_68' title='bbox 232 1474 363 1550; x_wconf 79' lang='lat' dir='ltr'><strong>uidetur,</strong></span> <span class='ocrx_word' id='word_1_69' title='bbox 393 1475 486 1539; x_wconf 86' lang='lat' dir='ltr'><strong>etiarn</strong></span> <span class='ocrx_word' id='word_1_70' title='bbox 512 1474 622 1540; x_wconf 84' lang='lat' dir='ltr'><strong>Strabo</strong></span> <span class='ocrx_word' id='word_1_71' title='bbox 652 1476 720 1551; x_wconf 91' lang='lat' dir='ltr'><strong>(lib.</strong></span> <span class='ocrx_word' id='word_1_72' title='bbox 745 1474 760 1538; x_wconf 95' lang='grc' dir='ltr'>Ι</span> <span class='ocrx_word' id='word_1_73' title='bbox 783 1497 811 1558; x_wconf 88' lang='lat' dir='ltr'><strong>p.</strong></span> <span class='ocrx_word' id='word_1_74' title='bbox 835 1477 872 1537; x_wconf 84' lang='lat'><strong>41</strong></span> <span class='ocrx_word' id='word_1_75' title='bbox 898 1475 978 1559; x_wconf 67' lang='grc' dir='ltr'><strong>θνα,</strong></span> <span class='ocrx_word' id='word_1_76' title='bbox 1000 1475 1053 1540; x_wconf 92' lang='lat' dir='ltr'><strong>ubi</strong></span> <span class='ocrx_word' id='word_1_77' title='bbox 1076 1475 1178 1538; x_wconf 83' lang='lat' dir='ltr'><strong>tamen</strong></span> <span class='ocrx_word' id='word_1_78' title='bbox 1202 1468 1247 1546; x_wconf 77' lang='grc' dir='ltr'><strong>ἅς</strong></span> 
     </span>
     <span class='ocr_line' id='line_1_12' title="bbox 174 1579 1247 1665; baseline -0.001 -22"><span class='ocrx_word' id='word_1_79' title='bbox 174 1579 301 1662; x_wconf 84' lang='lat' dir='ltr'><strong>legitur)</strong></span> <span class='ocrx_word' id='word_1_80' title='bbox 323 1582 355 1644; x_wconf 91' lang='lat' dir='ltr'><strong>et</strong></span> <span class='ocrx_word' id='word_1_81' title='bbox 377 1599 412 1645; x_wconf 91' lang='lat' dir='ltr'><strong>ec</strong></span> <span class='ocrx_word' id='word_1_82' title='bbox 435 1582 524 1664; x_wconf 84' lang='lat' dir='ltr'><strong>longe</strong></span> <span class='ocrx_word' id='word_1_83' title='bbox 547 1583 703 1665; x_wconf 81' lang='lat' dir='ltr'><strong>antiquior</strong></span> <span class='ocrx_word' id='word_1_84' title='bbox 724 1583 908 1659; x_wconf 83' lang='lat' dir='ltr'><strong>Herodotus,</strong></span> <span class='ocrx_word' id='word_1_85' title='bbox 939 1580 992 1664; x_wconf 92' lang='lat' dir='ltr'><strong>qui</strong></span> <span class='ocrx_word' id='word_1_86' title='bbox 1007 1581 1064 1645; x_wconf 90' lang='lat' dir='ltr'><strong>hos</strong></span> <span class='ocrx_word' id='word_1_87' title='bbox 1081 1596 1187 1646; x_wconf 86' lang='lat' dir='ltr'><strong>versus</strong></span> <span class='ocrx_word' id='word_1_88' title='bbox 1202 1579 1247 1651; x_wconf 89' lang='lat'><strong>11,</strong></span> 
     </span>
     <span class='ocr_line' id='line_1_13' title="bbox 148 1683 1244 1778; baseline 0.005 -35"><span class='ocrx_word' id='word_1_89' title='bbox 148 1767 150 1778; x_wconf 20' lang='lat' dir='ltr'><em>A</em></span> <span class='ocrx_word' id='word_1_90' title='bbox 176 1685 236 1746; x_wconf 83' lang='lat'><strong>116</strong></span> <span class='ocrx_word' id='word_1_91' title='bbox 258 1685 382 1766; x_wconf 79' lang='lat' dir='ltr'><strong>profert</strong></span> <span class='ocrx_word' id='word_1_92' title='bbox 406 1706 594 1770; x_wconf 89' lang='lat' dir='ltr'><strong>quamquam</strong></span> <span class='ocrx_word' id='word_1_93' title='bbox 616 1708 712 1771; x_wconf 88' lang='lat' dir='ltr'><strong>neque</strong></span> <span class='ocrx_word' id='word_1_94' title='bbox 737 1688 818 1770; x_wconf 92' lang='lat' dir='ltr'><strong>apud</strong></span> <span class='ocrx_word' id='word_1_95' title='bbox 838 1687 1030 1754; x_wconf 87' lang='lat' dir='ltr'><strong>Herodotum</strong></span> <span class='ocrx_word' id='word_1_96' title='bbox 1046 1704 1145 1768; x_wconf 86' lang='lat' dir='ltr'><strong>neque</strong></span> <span class='ocrx_word' id='word_1_97' title='bbox 1160 1683 1244 1766; x_wconf 90' lang='lat' dir='ltr'><strong>apud</strong></span> 
     </span>
     <span class='ocr_line' id='line_1_14' title="bbox 172 1789 1246 1878; baseline 0.002 -25"><span class='ocrx_word' id='word_1_98' title='bbox 172 1789 357 1856; x_wconf 79' lang='lat' dir='ltr'><strong>Strabonem</strong></span> <span class='ocrx_word' id='word_1_99' title='bbox 380 1812 416 1857; x_wconf 88' lang='lat' dir='ltr'><strong>ea</strong></span> <span class='ocrx_word' id='word_1_100' title='bbox 438 1812 494 1858; x_wconf 83' lang='lat' dir='ltr'><strong>vor</strong></span> <span class='ocrx_word' id='word_1_101' title='bbox 515 1794 563 1859; x_wconf 85' lang='lat' dir='ltr'><strong>vel</strong></span> <span class='ocrx_word' id='word_1_102' title='bbox 585 1797 686 1878; x_wconf 87' lang='lat' dir='ltr'><strong>polius</strong></span> <span class='ocrx_word' id='word_1_103' title='bbox 708 1814 743 1859; x_wconf 91' lang='lat' dir='ltr'><strong>ea</strong></span> <span class='ocrx_word' id='word_1_104' title='bbox 766 1795 881 1867; x_wconf 86' lang='lat' dir='ltr'><strong>littere,</strong></span> <span class='ocrx_word' id='word_1_105' title='bbox 905 1793 943 1859; x_wconf 96' lang='lat' dir='ltr'><strong>de</strong></span> <span class='ocrx_word' id='word_1_106' title='bbox 964 1812 1025 1876; x_wconf 88' lang='lat' dir='ltr'><strong>qua</strong></span> <span class='ocrx_word' id='word_1_107' title='bbox 1040 1792 1106 1857; x_wconf 91' lang='lat' dir='ltr'><strong>sola</strong></span> <span class='ocrx_word' id='word_1_108' title='bbox 1121 1792 1246 1856; x_wconf 88' lang='lat' dir='ltr'><strong>contro·</strong></span> 
     </span>
     <span class='ocr_line' id='line_1_15' title="bbox 173 1895 1245 1984; baseline 0.004 -28"><span class='ocrx_word' id='word_1_109' title='bbox 173 1896 306 1960; x_wconf 80' lang='lat' dir='ltr'><strong>versiam</strong></span> <span class='ocrx_word' id='word_1_110' title='bbox 328 1899 530 1974; x_wconf 81' lang='lat' dir='ltr'><strong>movebimus,</strong></span> <span class='ocrx_word' id='word_1_111' title='bbox 553 1901 723 1984; x_wconf 89' lang='lat' dir='ltr'><strong>quidquam</strong></span> <span class='ocrx_word' id='word_1_112' title='bbox 744 1903 784 1966; x_wconf 93' lang='lat' dir='ltr'><strong>ad</strong></span> <span class='ocrx_word' id='word_1_113' title='bbox 806 1900 978 1966; x_wconf 89' lang='lat' dir='ltr'><strong>testimonii</strong></span> <span class='ocrx_word' id='word_1_114' title='bbox 999 1897 1157 1964; x_wconf 89' lang='lat' dir='ltr'><strong>Homerici</strong></span> <span class='ocrx_word' id='word_1_115' title='bbox 1179 1895 1245 1960; x_wconf 87' lang='lat' dir='ltr'><strong>vim</strong></span> 
     </span>
     <span class='ocr_line' id='line_1_16' title="bbox 171 2003 1245 2090; baseline 0.006 -28"><span class='ocrx_word' id='word_1_116' title='bbox 171 2003 205 2063; x_wconf 85' lang='lat' dir='ltr'><strong>et</strong></span> <span class='ocrx_word' id='word_1_117' title='bbox 226 2003 409 2068; x_wconf 87' lang='lat' dir='ltr'><strong>sententiam</strong></span> <span class='ocrx_word' id='word_1_118' title='bbox 433 2006 577 2086; x_wconf 81' lang='lat' dir='ltr'><strong>pertinet.</strong></span> <span class='ocrx_word' id='word_1_119' title='bbox 621 2009 740 2090; x_wconf 84' lang='lat' dir='ltr'><strong>Imque,</strong></span> <span class='ocrx_word' id='word_1_120' title='bbox 761 2009 798 2073; x_wconf 89' lang='lat' dir='ltr'><strong>ub</strong></span> <span class='ocrx_word' id='word_1_121' title='bbox 813 2008 903 2072; x_wconf 84' lang='lat' dir='ltr'><strong>verba</strong></span> <span class='ocrx_word' id='word_1_122' title='bbox 918 2025 997 2070; x_wconf 92' lang='lat' dir='ltr'><strong>nunc</strong></span> <span class='ocrx_word' id='word_1_123' title='bbox 1012 2005 1137 2080; x_wconf 80' lang='lat' dir='ltr'><strong>habent,</strong></span> <span class='ocrx_word' id='word_1_124' title='bbox 1154 2003 1245 2068; x_wconf 86' lang='lat' dir='ltr'><strong>Paris</strong></span> 
     </span>
     <span class='ocr_line' id='line_1_17' title="bbox 171 2109 1244 2196; baseline 0.004 -27"><span class='ocrx_word' id='word_1_125' title='bbox 171 2110 315 2172; x_wconf 85' lang='lat' dir='ltr'><strong>narratur</strong></span> <span class='ocrx_word' id='word_1_126' title='bbox 348 2109 461 2176; x_wconf 87' lang='lat' dir='ltr'><strong>Sidone</strong></span> <span class='ocrx_word' id='word_1_127' title='bbox 494 2131 553 2176; x_wconf 93' lang='lat' dir='ltr'><strong>non</strong></span> <span class='ocrx_word' id='word_1_128' title='bbox 587 2121 704 2178; x_wconf 86' lang='lat' dir='ltr'><strong>uestem</strong></span> <span class='ocrx_word' id='word_1_129' title='bbox 737 2115 905 2196; x_wconf 87' lang='lat' dir='ltr'><strong>pretiosam</strong></span> <span class='ocrx_word' id='word_1_130' title='bbox 927 2113 1052 2177; x_wconf 86' lang='lat' dir='ltr'><strong>Troiam</strong></span> <span class='ocrx_word' id='word_1_131' title='bbox 1073 2110 1244 2182; x_wconf 86' lang='lat' dir='ltr'><strong>advexisse,</strong></span> 
     </span>
     <span class='ocr_line' id='line_1_18' title="bbox 171 2213 1244 2302; baseline 0.003 -26"><span class='ocrx_word' id='word_1_132' title='bbox 171 2213 228 2278; x_wconf 89' lang='lat' dir='ltr'><strong>sed</strong></span> <span class='ocrx_word' id='word_1_133' title='bbox 250 2215 396 2282; x_wconf 88' lang='lat' dir='ltr'><strong>mulieres</strong></span> <span class='ocrx_word' id='word_1_134' title='bbox 418 2216 603 2298; x_wconf 75' lang='lat' dir='ltr'><strong>Phoenissae,</strong></span> <span class='ocrx_word' id='word_1_135' title='bbox 628 2239 696 2302; x_wconf 87' lang='lat' dir='ltr'><strong>quse</strong></span> <span class='ocrx_word' id='word_1_136' title='bbox 711 2220 809 2286; x_wconf 82' lang='lat' dir='ltr'><strong>Troiae</strong></span> <span class='ocrx_word' id='word_1_137' title='bbox 830 2218 1006 2285; x_wconf 88' lang='lat' dir='ltr'><strong>huiusmodi</strong></span> <span class='ocrx_word' id='word_1_138' title='bbox 1028 2219 1146 2282; x_wconf 87' lang='lat' dir='ltr'><strong>vestem</strong></span> <span class='ocrx_word' id='word_1_139' title='bbox 1169 2233 1244 2280; x_wconf 91' lang='lat' dir='ltr'><strong>con·</strong></span> 
     </span>
     <span class='ocr_line' id='line_1_19' title="bbox 171 2321 1241 2411; baseline 0.001 -26"><span class='ocrx_word' id='word_1_140' title='bbox 171 2321 306 2386; x_wconf 80' lang='lat' dir='ltr'><strong>licerent.</strong></span> <span class='ocrx_word' id='word_1_141' title='bbox 361 2324 470 2408; x_wconf 87' lang='lat' dir='ltr'><strong>Neque</strong></span> <span class='ocrx_word' id='word_1_142' title='bbox 504 2327 610 2409; x_wconf 88' lang='lat' dir='ltr'><strong>ignoro</strong></span> <span class='ocrx_word' id='word_1_143' title='bbox 643 2346 739 2411; x_wconf 86' lang='lat' dir='ltr'><strong>nuper</strong></span> <span class='ocrx_word' id='word_1_144' title='bbox 771 2347 806 2392; x_wconf 86' lang='lat' dir='ltr'><strong>er</strong></span> <span class='ocrx_word' id='word_1_145' title='bbox 832 2326 890 2390; x_wconf 88' lang='lat' dir='ltr'><strong>hac</strong></span> <span class='ocrx_word' id='word_1_146' title='bbox 920 2324 1094 2390; x_wconf 88' lang='lat' dir='ltr'><strong>narratione</strong></span> <span class='ocrx_word' id='word_1_147' title='bbox 1115 2321 1241 2405; x_wconf 84' lang='lat' dir='ltr'><strong>longius</strong></span> 
     </span>
     <span class='ocr_line' id='line_1_20' title="bbox 169 2431 1242 2513; baseline -0.003 -19"><span class='ocrx_word' id='word_1_148' title='bbox 169 2431 266 2494; x_wconf 87' lang='lat' dir='ltr'><strong>etiarn</strong></span> <span class='ocrx_word' id='word_1_149' title='bbox 288 2431 494 2497; x_wconf 86' lang='lat' dir='ltr'><strong>coniecturam</strong></span> <span class='ocrx_word' id='word_1_150' title='bbox 518 2433 641 2498; x_wconf 91' lang='lat' dir='ltr'><strong>ductam</strong></span> <span class='ocrx_word' id='word_1_151' title='bbox 672 2453 749 2511; x_wconf 82' lang='lat' dir='ltr'><strong>esse,</strong></span> <span class='ocrx_word' id='word_1_152' title='bbox 778 2441 812 2499; x_wconf 89' lang='lat' dir='ltr'><strong>ut</strong></span> <span class='ocrx_word' id='word_1_153' title='bbox 841 2436 872 2498; x_wconf 95' lang='lat' dir='ltr'><strong>in</strong></span> <span class='ocrx_word' id='word_1_154' title='bbox 902 2433 971 2498; x_wconf 87' lang='lat' dir='ltr'><strong>aliis</strong></span> <span class='ocrx_word' id='word_1_155' title='bbox 1001 2449 1123 2513; x_wconf 91' lang='lat' dir='ltr'><strong>quoque</strong></span> <span class='ocrx_word' id='word_1_156' title='bbox 1145 2447 1242 2512; x_wconf 83' lang='lat' dir='ltr'><strong>gene·</strong></span> 
     </span>
     <span class='ocr_line' id='line_1_21' title="bbox 170 2533 1242 2622; baseline -0.001 -23"><span class='ocrx_word' id='word_1_157' title='bbox 170 2537 256 2602; x_wconf 89' lang='lat' dir='ltr'><strong>ribus</strong></span> <span class='ocrx_word' id='word_1_158' title='bbox 277 2538 384 2604; x_wconf 86' lang='lat' dir='ltr'><strong>itidem</strong></span> <span class='ocrx_word' id='word_1_159' title='bbox 407 2558 457 2604; x_wconf 91' lang='lat' dir='ltr'><strong>ars</strong></span> <span class='ocrx_word' id='word_1_160' title='bbox 484 2540 700 2622; x_wconf 90' lang='lat' dir='ltr'><strong>opificiumque</strong></span> <span class='ocrx_word' id='word_1_161' title='bbox 730 2539 906 2605; x_wconf 71' lang='lat' dir='ltr'><strong>Phoenicum</strong></span> <span class='ocrx_word' id='word_1_162' title='bbox 940 2537 1065 2602; x_wconf 80' lang='lat' dir='ltr'><strong>Troiam</strong></span> <span class='ocrx_word' id='word_1_163' title='bbox 1097 2533 1242 2600; x_wconf 84' lang='lat' dir='ltr'><strong>traducta</strong></span> 
     </span>
     <span class='ocr_line' id='line_1_22' title="bbox 169 2639 1240 2718; baseline 0 -13"><span class='ocrx_word' id='word_1_164' title='bbox 169 2642 374 2709; x_wconf 87' lang='lat' dir='ltr'><strong>crederentur.</strong></span> <span class='ocrx_word' id='word_1_165' title='bbox 417 2644 498 2708; x_wconf 92' lang='lat' dir='ltr'><strong>Mihi</strong></span> <span class='ocrx_word' id='word_1_166' title='bbox 529 2649 632 2710; x_wconf 85' lang='lat' dir='ltr'><strong>tamen</strong></span> <span class='ocrx_word' id='word_1_167' title='bbox 665 2646 864 2710; x_wconf 79' lang='lat' dir='ltr'><strong>manifestum</strong></span> <span class='ocrx_word' id='word_1_168' title='bbox 896 2645 1025 2718; x_wconf 87' lang='lat' dir='ltr'><strong>videtur,</strong></span> <span class='ocrx_word' id='word_1_169' title='bbox 1055 2643 1156 2708; x_wconf 90' lang='lat' dir='ltr'><strong>totum</strong></span> <span class='ocrx_word' id='word_1_170' title='bbox 1179 2639 1240 2706; x_wconf 92' lang='lat' dir='ltr'><strong>hoc</strong></span> 
     </span>
     <span class='ocr_line' id='line_1_23' title="bbox 169 2748 1241 2833; baseline 0 -21"><span class='ocrx_word' id='word_1_171' title='bbox 169 2752 381 2813; x_wconf 87' lang='lat' dir='ltr'><strong>commentum</strong></span> <span class='ocrx_word' id='word_1_172' title='bbox 416 2769 434 2815; x_wconf 88' lang='lat' dir='ltr'><strong>a</strong></span> <span class='ocrx_word' id='word_1_173' title='bbox 466 2751 595 2831; x_wconf 90' lang='lat' dir='ltr'><strong>poeticae</strong></span> <span class='ocrx_word' id='word_1_174' title='bbox 628 2751 809 2815; x_wconf 84' lang='lat' dir='ltr'><strong>narrationib</strong></span> <span class='ocrx_word' id='word_1_175' title='bbox 842 2749 1040 2833; x_wconf 85' lang='lat' dir='ltr'><strong>simplicitate</strong></span> <span class='ocrx_word' id='word_1_176' title='bbox 1073 2751 1105 2812; x_wconf 89' lang='lat' dir='ltr'><strong>et</strong></span> <span class='ocrx_word' id='word_1_177' title='bbox 1132 2748 1170 2812; x_wconf 92' lang='lat' dir='ltr'><strong>ab</strong></span> <span class='ocrx_word' id='word_1_178' title='bbox 1201 2767 1241 2812; x_wconf 87' lang='lat' dir='ltr'><strong>ea</strong></span> 
     </span>
     <span class='ocr_line' id='line_1_24' title="bbox 171 2856 1240 2940; baseline 0.003 -25"><span class='ocrx_word' id='word_1_179' title='bbox 171 2871 273 2917; x_wconf 89' lang='lat' dir='ltr'><strong>rerum</strong></span> <span class='ocrx_word' id='word_1_180' title='bbox 306 2856 412 2934; x_wconf 76' lang='lat' dir='ltr'><strong>forma,</strong></span> <span class='ocrx_word' id='word_1_181' title='bbox 437 2876 529 2939; x_wconf 90' lang='lat' dir='ltr'><strong>quam</strong></span> <span class='ocrx_word' id='word_1_182' title='bbox 561 2857 770 2940; x_wconf 84' lang='lat' dir='ltr'><strong>antiquissimi</strong></span> <span class='ocrx_word' id='word_1_183' title='bbox 798 2862 897 2939; x_wconf 88' lang='lat' dir='ltr'><strong>poetae</strong></span> <span class='ocrx_word' id='word_1_184' title='bbox 926 2856 1025 2921; x_wconf 84' lang='lat' dir='ltr'><strong>menti</strong></span> <span class='ocrx_word' id='word_1_185' title='bbox 1046 2857 1240 2921; x_wconf 81' lang='lat' dir='ltr'><strong>obversatam</strong></span> 
     </span>
     <span class='ocr_line' id='line_1_25' title="bbox 172 2961 1241 3048; baseline 0.004 -26"><span class='ocrx_word' id='word_1_186' title='bbox 172 2961 265 3024; x_wconf 81' lang='lat' dir='ltr'><strong>luisse</strong></span> <span class='ocrx_word' id='word_1_187' title='bbox 288 2962 350 3026; x_wconf 88' lang='lat' dir='ltr'><strong>veri</strong></span> <span class='ocrx_word' id='word_1_188' title='bbox 372 2962 471 3027; x_wconf 88' lang='lat' dir='ltr'><strong>simile</strong></span> <span class='ocrx_word' id='word_1_189' title='bbox 494 2965 551 3041; x_wconf 82' lang='lat' dir='ltr'><strong>est,</strong></span> <span class='ocrx_word' id='word_1_190' title='bbox 576 2964 665 3048; x_wconf 83' lang='lat' dir='ltr'><strong>longe</strong></span> <span class='ocrx_word' id='word_1_191' title='bbox 687 2963 860 3029; x_wconf 85' lang='lat' dir='ltr'><strong>abhorrere.</strong></span> <span class='ocrx_word' id='word_1_192' title='bbox 904 2962 1013 3046; x_wconf 87' lang='lat' dir='ltr'><strong>Neque</strong></span> <span class='ocrx_word' id='word_1_193' title='bbox 1035 2961 1118 3027; x_wconf 90' lang='lat' dir='ltr'><strong>enim</strong></span> <span class='ocrx_word' id='word_1_194' title='bbox 1140 2965 1241 3043; x_wconf 77' lang='lat' dir='ltr'><strong>poetae</strong></span> 
     </span>
     <span class='ocr_line' id='line_1_26' title="bbox 171 3067 1238 3153; baseline 0 -22"><span class='ocrx_word' id='word_1_195' title='bbox 171 3071 236 3132; x_wconf 77' lang='lat' dir='ltr'><strong>est,</strong></span> <span class='ocrx_word' id='word_1_196' title='bbox 252 3067 409 3134; x_wconf 88' lang='lat' dir='ltr'><strong>hominem</strong></span> <span class='ocrx_word' id='word_1_197' title='bbox 442 3070 528 3135; x_wconf 88' lang='lat' dir='ltr'><strong>miris</strong></span> <span class='ocrx_word' id='word_1_198' title='bbox 561 3089 615 3153; x_wconf 92' lang='lat' dir='ltr'><strong>per</strong></span> <span class='ocrx_word' id='word_1_199' title='bbox 645 3070 770 3135; x_wconf 89' lang='lat' dir='ltr'><strong>ultimas</strong></span> <span class='ocrx_word' id='word_1_200' title='bbox 803 3087 871 3134; x_wconf 88' lang='lat' dir='ltr'><strong>cras</strong></span> <span class='ocrx_word' id='word_1_201' title='bbox 903 3069 1056 3134; x_wconf 90' lang='lat' dir='ltr'><strong>erroribus</strong></span> <span class='ocrx_word' id='word_1_202' title='bbox 1088 3067 1238 3133; x_wconf 84' lang='lat' dir='ltr'><strong>iactatum</strong></span> 
     </span>
     <span class='ocr_line' id='line_1_27' title="bbox 171 3174 1240 3259; baseline 0.001 -22"><span class='ocrx_word' id='word_1_203' title='bbox 171 3175 316 3240; x_wconf 87' lang='lat' dir='ltr'><strong>inducere</strong></span> <span class='ocrx_word' id='word_1_204' title='bbox 337 3175 451 3241; x_wconf 87' lang='lat' dir='ltr'><strong>artium</strong></span> <span class='ocrx_word' id='word_1_205' title='bbox 473 3176 724 3259; x_wconf 89' lang='lat' dir='ltr'><strong>opificiorumqne</strong></span> <span class='ocrx_word' id='word_1_206' title='bbox 747 3175 871 3241; x_wconf 90' lang='lat' dir='ltr'><strong>aliunde</strong></span> <span class='ocrx_word' id='word_1_207' title='bbox 894 3174 934 3240; x_wconf 85' lang='lat' dir='ltr'><strong>ed</strong></span> <span class='ocrx_word' id='word_1_208' title='bbox 954 3194 1025 3240; x_wconf 87' lang='lat' dir='ltr'><strong>suos</strong></span> <span class='ocrx_word' id='word_1_209' title='bbox 1040 3175 1121 3240; x_wconf 86' lang='lat' dir='ltr'><strong>cives</strong></span> <span class='ocrx_word' id='word_1_210' title='bbox 1136 3175 1240 3239; x_wconf 88' lang='lat' dir='ltr'><strong>trans·</strong></span> 
     </span>
     <span class='ocr_line' id='line_1_28' title="bbox 171 3280 1239 3366; baseline -0.001 -22"><span class='ocrx_word' id='word_1_211' title='bbox 171 3282 364 3346; x_wconf 87' lang='lat' dir='ltr'><strong>ferendorum</strong></span> <span class='ocrx_word' id='word_1_212' title='bbox 397 3283 524 3348; x_wconf 88' lang='lat' dir='ltr'><strong>consilia</strong></span> <span class='ocrx_word' id='word_1_213' title='bbox 556 3284 801 3366; x_wconf 86' lang='lat' dir='ltr'><strong>persequentem,</strong></span> <span class='ocrx_word' id='word_1_214' title='bbox 838 3283 891 3348; x_wconf 87' lang='lat' dir='ltr'><strong>sed</strong></span> <span class='ocrx_word' id='word_1_215' title='bbox 924 3301 960 3346; x_wconf 84' lang='lat' dir='ltr'><strong>ex</strong></span> <span class='ocrx_word' id='word_1_216' title='bbox 992 3280 1170 3365; x_wconf 73' lang='lat' dir='ltr'><strong>peregrinis,</strong></span> <span class='ocrx_word' id='word_1_217' title='bbox 1205 3280 1239 3344; x_wconf 94' lang='lat' dir='ltr'><strong>in</strong></span> 
     </span>
     <span class='ocr_line' id='line_1_29' title="bbox 167 3386 1240 3471; baseline -0.001 -19"><span class='ocrx_word' id='word_1_218' title='bbox 167 3407 248 3470; x_wconf 90' lang='lat' dir='ltr'><strong>quas</strong></span> <span class='ocrx_word' id='word_1_219' title='bbox 281 3386 430 3454; x_wconf 89' lang='lat' dir='ltr'><strong>deductus</strong></span> <span class='ocrx_word' id='word_1_220' title='bbox 463 3389 514 3461; x_wconf 87' lang='lat' dir='ltr'><strong>sit,</strong></span> <span class='ocrx_word' id='word_1_221' title='bbox 547 3389 638 3453; x_wconf 88' lang='lat' dir='ltr'><strong>terris</strong></span> <span class='ocrx_word' id='word_1_222' title='bbox 670 3408 719 3454; x_wconf 90' lang='lat' dir='ltr'><strong>res</strong></span> <span class='ocrx_word' id='word_1_223' title='bbox 751 3406 837 3454; x_wconf 83' lang='lat' dir='ltr'><strong>caras</strong></span> <span class='ocrx_word' id='word_1_224' title='bbox 871 3390 903 3453; x_wconf 91' lang='lat' dir='ltr'><strong>et</strong></span> <span class='ocrx_word' id='word_1_225' title='bbox 932 3389 1082 3471; x_wconf 79' lang='lat' dir='ltr'><strong>pretiosas</strong></span> <span class='ocrx_word' id='word_1_226' title='bbox 1110 3386 1240 3468; x_wconf 90' lang='lat' dir='ltr'><strong>suisque</strong></span> 
     </span>
     <span class='ocr_line' id='line_1_30' title="bbox 171 3492 1239 3577; baseline -0.001 -20"><span class='ocrx_word' id='word_1_227' title='bbox 171 3496 291 3576; x_wconf 85' lang='lat' dir='ltr'><strong>ignotas</strong></span> <span class='ocrx_word' id='word_1_228' title='bbox 324 3496 354 3558; x_wconf 93' lang='lat' dir='ltr'><strong>in</strong></span> <span class='ocrx_word' id='word_1_229' title='bbox 388 3494 521 3577; x_wconf 87' lang='lat' dir='ltr'><strong>patriam</strong></span> <span class='ocrx_word' id='word_1_230' title='bbox 554 3498 746 3567; x_wconf 84' lang='lat' dir='ltr'><strong>referentem,</strong></span> <span class='ocrx_word' id='word_1_231' title='bbox 781 3494 1042 3577; x_wconf 85' lang='lat' dir='ltr'><strong>quemadmodum</strong></span> <span class='ocrx_word' id='word_1_232' title='bbox 1077 3495 1172 3559; x_wconf 88' lang='lat' dir='ltr'><strong>etiarn</strong></span> <span class='ocrx_word' id='word_1_233' title='bbox 1207 3492 1239 3556; x_wconf 95' lang='lat' dir='ltr'><strong>in</strong></span> 
     </span>
     <span class='ocr_line' id='line_1_31' title="bbox 167 3599 1240 3685; baseline -0.005 -19"><span class='ocrx_word' id='word_1_234' title='bbox 167 3599 317 3685; x_wconf 76' lang='lat' dir='ltr'><strong>odyssea</strong></span> <span class='ocrx_word' id='word_1_235' title='bbox 340 3602 416 3667; x_wconf 90' lang='lat' dir='ltr'><strong>libro</strong></span> <span class='ocrx_word' id='word_1_236' title='bbox 440 3601 492 3674; x_wconf 83' lang='lat' dir='ltr'><strong>IV,</strong></span> <span class='ocrx_word' id='word_1_237' title='bbox 515 3602 575 3664; x_wconf 88' lang='grc'><strong>618</strong></span> <span class='ocrx_word' id='word_1_238' title='bbox 598 3603 629 3666; x_wconf 88' lang='lat' dir='ltr'><strong>et</strong></span> <span class='ocrx_word' id='word_1_239' title='bbox 655 3601 722 3678; x_wconf 73' lang='lat' dir='ltr'><strong>XV,</strong></span> <span class='ocrx_word' id='word_1_240' title='bbox 760 3603 817 3663; x_wconf 76' lang='lat' dir='ltr'><strong>llo</strong></span> <span class='ocrx_word' id='word_1_241' title='bbox 851 3600 890 3665; x_wconf 87' lang='lat' dir='ltr'><strong>dc</strong></span> <span class='ocrx_word' id='word_1_242' title='bbox 922 3600 1064 3665; x_wconf 90' lang='lat' dir='ltr'><strong>Menelao</strong></span> <span class='ocrx_word' id='word_1_243' title='bbox 1097 3600 1240 3662; x_wconf 90' lang='lat' dir='ltr'><strong>narratur</strong></span> 
     </span>
     <span class='ocr_line' id='line_1_32' title="bbox 170 3705 1238 3791; baseline -0.001 -23"><span class='ocrx_word' id='word_1_244' title='bbox 170 3705 277 3770; x_wconf 84' lang='lat' dir='ltr'><strong>itidem</strong></span> <span class='ocrx_word' id='word_1_245' title='bbox 300 3705 444 3772; x_wconf 83' lang='lat' dir='ltr'><strong>Sidonem</strong></span> <span class='ocrx_word' id='word_1_246' title='bbox 466 3707 607 3775; x_wconf 82' lang='lat' dir='ltr'><strong>advecto.</strong></span> <span class='ocrx_word' id='word_1_247' title='bbox 650 3709 698 3773; x_wconf 91' lang='lat' dir='ltr'><strong>Ne</strong></span> <span class='ocrx_word' id='word_1_248' title='bbox 720 3705 861 3791; x_wconf 86' lang='lat' dir='ltr'><strong>antiquos</strong></span> <span class='ocrx_word' id='word_1_249' title='bbox 876 3707 1000 3788; x_wconf 88' lang='lat' dir='ltr'><strong>quidem</strong></span> <span class='ocrx_word' id='word_1_250' title='bbox 1015 3705 1128 3770; x_wconf 81' lang='lat' dir='ltr'><strong>fefellit</strong></span> <span class='ocrx_word' id='word_1_251' title='bbox 1143 3705 1238 3768; x_wconf 91' lang='lat' dir='ltr'><strong>mira-</strong></span> 
     </span>
     <span class='ocr_line' id='line_1_33' title="bbox 169 3812 1238 3896; baseline 0.001 -23"><span class='ocrx_word' id='word_1_252' title='bbox 169 3813 262 3877; x_wconf 89' lang='lat' dir='ltr'><strong>tionis</strong></span> <span class='ocrx_word' id='word_1_253' title='bbox 286 3815 318 3876; x_wconf 85' lang='lat' dir='ltr'><strong>et</strong></span> <span class='ocrx_word' id='word_1_254' title='bbox 339 3813 516 3878; x_wconf 86' lang='lat' dir='ltr'><strong>offensionis</strong></span> <span class='ocrx_word' id='word_1_255' title='bbox 531 3813 645 3896; x_wconf 92' lang='lat' dir='ltr'><strong>aliquid</strong></span> <span class='ocrx_word' id='word_1_256' title='bbox 662 3812 740 3878; x_wconf 91' lang='lat' dir='ltr'><strong>hanc</strong></span> <span class='ocrx_word' id='word_1_257' title='bbox 755 3812 959 3878; x_wconf 85' lang='lat' dir='ltr'><strong>narrationem</strong></span> <span class='ocrx_word' id='word_1_258' title='bbox 975 3812 1106 3886; x_wconf 89' lang='lat' dir='ltr'><strong>habere;</strong></span> <span class='ocrx_word' id='word_1_259' title='bbox 1130 3812 1238 3892; x_wconf 90' lang='lat' dir='ltr'><strong>itaque</strong></span> 
     </span>
     <span class='ocr_line' id='line_1_34' title="bbox 165 3916 1359 4016; baseline -0.001 -34"><span class='ocrx_word' id='word_1_260' title='bbox 165 3919 210 3982; x_wconf 86' lang='lat' dir='ltr'><strong>ad</strong></span> <span class='ocrx_word' id='word_1_261' title='bbox 242 3937 310 3982; x_wconf 89' lang='lat' dir='ltr'><strong>eam</strong></span> <span class='ocrx_word' id='word_1_262' title='bbox 342 3919 543 3984; x_wconf 87' lang='lat' dir='ltr'><strong>offensionem</strong></span> <span class='ocrx_word' id='word_1_263' title='bbox 578 3919 747 3984; x_wconf 84' lang='lat' dir='ltr'><strong>tollendam</strong></span> <span class='ocrx_word' id='word_1_264' title='bbox 778 3922 810 3984; x_wconf 91' lang='lat' dir='ltr'><strong>in</strong></span> <span class='ocrx_word' id='word_1_265' title='bbox 843 3918 966 3984; x_wconf 88' lang='lat' dir='ltr'><strong>scholiis</strong></span> <span class='ocrx_word' id='word_1_266' title='bbox 999 3919 1164 3984; x_wconf 88' lang='lat' dir='ltr'><strong>annotatur</strong></span> <span class='ocrx_word' id='word_1_267' title='bbox 1198 3916 1239 3982; x_wconf 86' lang='lat' dir='ltr'><strong>ad</strong></span> <span class='ocrx_word' id='word_1_268' title='bbox 1357 3997 1359 4016; x_wconf 46' lang='grc' dir='ltr'>Ι</span> 
     </span>
     <span class='ocr_line' id='line_1_35' title="bbox 171 4019 1359 4112; baseline -0.002 -22"><span class='ocrx_word' id='word_1_269' title='bbox 171 4024 293 4090; x_wconf 83' lang='lat' dir='ltr'><strong>Paridis</strong></span> <span class='ocrx_word' id='word_1_270' title='bbox 320 4026 460 4090; x_wconf 86' lang='lat' dir='ltr'><strong>studium</strong></span> <span class='ocrx_word' id='word_1_271' title='bbox 487 4028 520 4091; x_wconf 93' lang='lat' dir='ltr'><strong>et</strong></span> <span class='ocrx_word' id='word_1_272' title='bbox 545 4044 650 4092; x_wconf 89' lang='lat' dir='ltr'><strong>curam</strong></span> <span class='ocrx_word' id='word_1_273' title='bbox 673 4026 896 4112; x_wconf 75' lang='grc' dir='ltr'><strong><em>(περιεργίαν)</em></strong></span> <span class='ocrx_word' id='word_1_274' title='bbox 924 4025 1137 4090; x_wconf 88' lang='lat' dir='ltr'><strong>declarandam</strong></span> <span class='ocrx_word' id='word_1_275' title='bbox 1168 4042 1238 4105; x_wconf 84' lang='lat' dir='ltr'><strong>per·</strong></span> <span class='ocrx_word' id='word_1_276' title='bbox 1358 4019 1359 4028; x_wconf 75' lang='grc'>’</span> 
     </span>
     <span class='ocr_line' id='line_1_36' title="bbox 166 4130 1237 4215; baseline -0.001 -21"><span class='ocrx_word' id='word_1_277' title='bbox 166 4131 278 4210; x_wconf 78' lang='lat' dir='ltr'><strong>tinere,</strong></span> <span class='ocrx_word' id='word_1_278' title='bbox 311 4130 393 4215; x_wconf 88' lang='lat' dir='ltr'><strong>quod</strong></span> <span class='ocrx_word' id='word_1_279' title='bbox 425 4150 485 4196; x_wconf 92' lang='lat' dir='ltr'><strong>nou</strong></span> <span class='ocrx_word' id='word_1_280' title='bbox 517 4131 616 4196; x_wconf 90' lang='lat' dir='ltr'><strong>solum</strong></span> <span class='ocrx_word' id='word_1_281' title='bbox 650 4135 762 4208; x_wconf 72' lang='lat' dir='ltr'><strong>vestes,</strong></span> <span class='ocrx_word' id='word_1_282' title='bbox 797 4131 968 4199; x_wconf 88' lang='lat' dir='ltr'><strong>sedetiam</strong></span> <span class='ocrx_word' id='word_1_283' title='bbox 989 4130 1144 4210; x_wconf 64' lang='lat' dir='ltr'><strong>mulieres</strong></span> <span class='ocrx_word' id='word_1_284' title='bbox 1167 4147 1237 4212; x_wconf 85' lang='lat' dir='ltr'><strong>quae</strong></span> 
     </span>
    </p>
   </div>
   <div class='ocr_carea' id='block_1_4' title="bbox 0 0 1368 4582">
    <p class='ocr_par' dir='ltr' id='par_1_8' title="bbox 0 0 1368 4582">
     <span class='ocr_line' id='line_1_37' title="bbox 0 0 1368 4582; baseline 0 2"><span class='ocrx_word' id='word_1_285' title='bbox 0 0 1368 4582; x_wconf 95' lang='lat' dir='ltr'><strong> </strong></span> 
     </span>
    </p>
   </div>
   <div class='ocr_carea' id='block_1_5' title="bbox 1362 488 1365 1012">
    <p class='ocr_par' dir='ltr' id='par_1_9' title="bbox 1362 488 1365 1012">
     <span class='ocr_line' id='line_1_38' title="bbox 1362 488 1365 1012; baseline 0 0"><span class='ocrx_word' id='word_1_286' title='bbox 1362 488 1365 1012; x_wconf 95' lang='lat' dir='ltr'><strong> </strong></span> 
     </span>
    </p>
   </div>
  </div>
 </body>
</html>
