<?xml version="1.0" encoding="UTF-8"?>
<!DOCTYPE html PUBLIC "-//W3C//DTD XHTML 1.0 Transitional//EN"
    "http://www.w3.org/TR/xhtml1/DTD/xhtml1-transitional.dtd">
<html xmlns="http://www.w3.org/1999/xhtml" xml:lang="en" lang="en">
 <head>
  <title>
</title>
<meta http-equiv="Content-Type" content="text/html;charset=utf-8" />
  <meta name='ocr-system' content='tesseract 3.04.00' />
  <meta name='ocr-capabilities' content='ocr_page ocr_carea ocr_par ocr_line ocrx_word'/>
</head>
<body>
  <div class='ocr_page' id='page_1' title='image "./adversariacriti01madvgoog_0014.png"; bbox 0 0 2728 4582; ppageno 0'>
   <div class='ocr_carea' id='block_1_1' title="bbox 540 310 1132 376">
    <p class='ocr_par' dir='ltr' id='par_1_1' title="bbox 540 310 1132 376">
     <span class='ocr_line' id='line_1_1' title="bbox 540 310 1132 376; baseline 0.02 -12"><span class='ocrx_word' id='word_1_1' title='bbox 540 310 654 366; x_wconf 85' lang='lat' dir='ltr'><strong>Homeri</strong></span> <span class='ocrx_word' id='word_1_2' title='bbox 670 312 746 366; x_wconf 87' lang='lat' dir='ltr'>Ilias.</span> <span class='ocrx_word' id='word_1_3' title='bbox 1113 317 1132 376; x_wconf 88' lang='grc'><strong>3</strong></span> 
     </span>
    </p>
   </div>
   <div class='ocr_carea' id='block_1_2' title="bbox 101 504 1243 2706">
    <p class='ocr_par' dir='ltr' id='par_1_2' title="bbox 101 504 1243 2706">
     <span class='ocr_line' id='line_1_2' title="bbox 104 504 1176 595; baseline 0.008 -27"><span class='ocrx_word' id='word_1_4' title='bbox 104 521 210 568; x_wconf 92' lang='lat' dir='ltr'>eorum</span> <span class='ocrx_word' id='word_1_5' title='bbox 234 504 362 590; x_wconf 86' lang='lat' dir='ltr'>ignarus</span> <span class='ocrx_word' id='word_1_6' title='bbox 383 507 449 589; x_wconf 90' lang='lat' dir='ltr'>ipse</span> <span class='ocrx_word' id='word_1_7' title='bbox 470 526 643 590; x_wconf 86' lang='lat' dir='ltr'>posueram,</span> <span class='ocrx_word' id='word_1_8' title='bbox 670 509 782 574; x_wconf 90' lang='lat' dir='ltr'>saltem</span> <span class='ocrx_word' id='word_1_9' title='bbox 811 511 843 574; x_wconf 95' lang='lat' dir='ltr'>in</span> <span class='ocrx_word' id='word_1_10' title='bbox 870 511 1011 595; x_wconf 80' lang='lat' dir='ltr'>margine</span> <span class='ocrx_word' id='word_1_11' title='bbox 1037 529 1176 578; x_wconf 89' lang='lat' dir='ltr'>comme·</span> 
     </span>
     <span class='ocr_line' id='line_1_3' title="bbox 103 611 1175 698; baseline 0.009 -24"><span class='ocrx_word' id='word_1_12' title='bbox 103 611 233 684; x_wconf 81' lang='lat' dir='ltr'>moravi,</span> <span class='ocrx_word' id='word_1_13' title='bbox 255 613 292 676; x_wconf 91' lang='lat' dir='ltr'>ut</span> <span class='ocrx_word' id='word_1_14' title='bbox 312 618 345 676; x_wconf 87' lang='lat' dir='ltr'>et</span> <span class='ocrx_word' id='word_1_15' title='bbox 364 613 480 679; x_wconf 83' lang='lat' dir='ltr'>veritae</span> <span class='ocrx_word' id='word_1_16' title='bbox 507 633 656 680; x_wconf 87' lang='lat' dir='ltr'>consensu</span> <span class='ocrx_word' id='word_1_17' title='bbox 685 614 869 690; x_wconf 87' lang='lat' dir='ltr'>firmaretur,</span> <span class='ocrx_word' id='word_1_18' title='bbox 897 616 1054 682; x_wconf 91' lang='lat' dir='ltr'>interdum</span> <span class='ocrx_word' id='word_1_19' title='bbox 1080 637 1175 698; x_wconf 76' lang='lat' dir='ltr'>arqu-</span> 
     </span>
     <span class='ocr_line' id='line_1_4' title="bbox 103 705 1243 805; baseline 0.007 -24"><span class='ocrx_word' id='word_1_20' title='bbox 103 718 222 783; x_wconf 82' lang='lat' dir='ltr'>mentis</span> <span class='ocrx_word' id='word_1_21' title='bbox 244 719 456 800; x_wconf 76' lang='lat' dir='ltr'>explicaretur,</span> <span class='ocrx_word' id='word_1_22' title='bbox 486 725 519 786; x_wconf 91' lang='lat' dir='ltr'>et</span> <span class='ocrx_word' id='word_1_23' title='bbox 539 720 775 805; x_wconf 75' lang='lat' dir='ltr'>intelligeretur,</span> <span class='ocrx_word' id='word_1_24' title='bbox 798 741 891 805; x_wconf 88' lang='lat' dir='ltr'>qnam</span> <span class='ocrx_word' id='word_1_25' title='bbox 914 723 1014 789; x_wconf 90' lang='lat' dir='ltr'>multa</span> <span class='ocrx_word' id='word_1_26' title='bbox 1035 724 1114 789; x_wconf 88' lang='lat' dir='ltr'>bene</span> <span class='ocrx_word' id='word_1_27' title='bbox 1135 725 1175 789; x_wconf 92' lang='lat' dir='ltr'>ab</span> <span class='ocrx_word' id='word_1_28' title='bbox 1238 705 1243 712; x_wconf 41' lang='lat'><strong>¹</strong></span> 
     </span>
     <span class='ocr_line' id='line_1_5' title="bbox 104 822 1175 914; baseline 0.009 -28"><span class='ocrx_word' id='word_1_29' title='bbox 104 822 316 905; x_wconf 86' lang='lat' dir='ltr'>superioribus</span> <span class='ocrx_word' id='word_1_30' title='bbox 345 823 410 891; x_wconf 92' lang='lat' dir='ltr'>illis</span> <span class='ocrx_word' id='word_1_31' title='bbox 436 825 655 893; x_wconf 85' lang='lat' dir='ltr'>administrata</span> <span class='ocrx_word' id='word_1_32' title='bbox 680 828 865 895; x_wconf 75' lang='lat' dir='ltr'>recentiores</span> <span class='ocrx_word' id='word_1_33' title='bbox 891 830 1108 914; x_wconf 82' lang='lat' dir='ltr'>neglexissent</span> <span class='ocrx_word' id='word_1_34' title='bbox 1139 849 1175 896; x_wconf 88' lang='lat' dir='ltr'>ac</span> 
     </span>
     <span class='ocr_line' id='line_1_6' title="bbox 103 930 1175 1020; baseline 0.008 -27"><span class='ocrx_word' id='word_1_35' title='bbox 103 947 145 994; x_wconf 89' lang='lat' dir='ltr'>ne</span> <span class='ocrx_word' id='word_1_36' title='bbox 176 930 400 1014; x_wconf 82' lang='lat' dir='ltr'>significassent</span> <span class='ocrx_word' id='word_1_37' title='bbox 432 933 567 1014; x_wconf 86' lang='lat' dir='ltr'>quidem.</span> <span class='ocrx_word' id='word_1_38' title='bbox 616 934 663 1000; x_wconf 92' lang='lat' dir='ltr'>De</span> <span class='ocrx_word' id='word_1_39' title='bbox 694 934 762 1016; x_wconf 89' lang='lat' dir='ltr'>ipsa</span> <span class='ocrx_word' id='word_1_40' title='bbox 796 939 873 1009; x_wconf 89' lang='lat' dir='ltr'>arte,</span> <span class='ocrx_word' id='word_1_41' title='bbox 897 954 964 1020; x_wconf 82' lang='lat' dir='ltr'>quae</span> <span class='ocrx_word' id='word_1_42' title='bbox 990 938 1091 1003; x_wconf 89' lang='lat' dir='ltr'>totum</span> <span class='ocrx_word' id='word_1_43' title='bbox 1116 937 1175 1002; x_wconf 89' lang='lat' dir='ltr'>boc</span> 
     </span>
     <span class='ocr_line' id='line_1_7' title="bbox 102 1036 1176 1124; baseline 0.006 -24"><span class='ocrx_word' id='word_1_44' title='bbox 102 1053 203 1120; x_wconf 83' lang='lat' dir='ltr'>genus</span> <span class='ocrx_word' id='word_1_45' title='bbox 235 1036 350 1104; x_wconf 78' lang='lat' dir='ltr'>critice</span> <span class='ocrx_word' id='word_1_46' title='bbox 381 1041 610 1124; x_wconf 82' lang='lat' dir='ltr'>complectitur,</span> <span class='ocrx_word' id='word_1_47' title='bbox 644 1041 682 1107; x_wconf 90' lang='lat' dir='ltr'>de</span> <span class='ocrx_word' id='word_1_48' title='bbox 714 1041 836 1107; x_wconf 88' lang='lat' dir='ltr'>mendis</span> <span class='ocrx_word' id='word_1_49' title='bbox 868 1048 952 1108; x_wconf 84' lang='lat' dir='ltr'>certa</span> <span class='ocrx_word' id='word_1_50' title='bbox 986 1044 1103 1109; x_wconf 90' lang='lat' dir='ltr'>rationo</span> <span class='ocrx_word' id='word_1_51' title='bbox 1129 1044 1176 1108; x_wconf 86' lang='lat' dir='ltr'>ita</span> 
     </span>
     <span class='ocr_line' id='line_1_8' title="bbox 102 1142 1225 1232; baseline 0.006 -24"><span class='ocrx_word' id='word_1_52' title='bbox 102 1142 331 1218; x_wconf 82' lang='lat' dir='ltr'>convincendis,</span> <span class='ocrx_word' id='word_1_53' title='bbox 353 1148 389 1211; x_wconf 93' lang='lat' dir='ltr'>ut</span> <span class='ocrx_word' id='word_1_54' title='bbox 404 1146 481 1211; x_wconf 92' lang='lat' dir='ltr'>nihil</span> <span class='ocrx_word' id='word_1_55' title='bbox 495 1148 688 1221; x_wconf 77' lang='lat' dir='ltr'>attrectetur,</span> <span class='ocrx_word' id='word_1_56' title='bbox 705 1148 786 1231; x_wconf 90' lang='lat' dir='ltr'>qnod</span> <span class='ocrx_word' id='word_1_57' title='bbox 802 1147 931 1231; x_wconf 87' lang='lat' dir='ltr'>scriptor</span> <span class='ocrx_word' id='word_1_58' title='bbox 943 1148 1011 1230; x_wconf 86' lang='lat' dir='ltr'>ipse</span> <span class='ocrx_word' id='word_1_59' title='bbox 1026 1151 1172 1232; x_wconf 85' lang='lat' dir='ltr'>posuerit,</span> <span class='ocrx_word' id='word_1_60' title='bbox 1222 1227 1225 1232; x_wconf 21' lang='lat'>¹</span> 
     </span>
     <span class='ocr_line' id='line_1_9' title="bbox 102 1249 1174 1340; baseline 0.006 -26"><span class='ocrx_word' id='word_1_61' title='bbox 102 1249 231 1315; x_wconf 90' lang='lat' dir='ltr'>etiamsi</span> <span class='ocrx_word' id='word_1_62' title='bbox 262 1252 495 1333; x_wconf 89' lang='lat' dir='ltr'>reprehensione</span> <span class='ocrx_word' id='word_1_63' title='bbox 527 1272 587 1318; x_wconf 93' lang='lat' dir='ltr'>non</span> <span class='ocrx_word' id='word_1_64' title='bbox 617 1257 728 1328; x_wconf 86' lang='lat' dir='ltr'>careat,</span> <span class='ocrx_word' id='word_1_65' title='bbox 758 1252 797 1318; x_wconf 90' lang='lat' dir='ltr'>de</span> <span class='ocrx_word' id='word_1_66' title='bbox 826 1254 966 1340; x_wconf 83' lang='lat' dir='ltr'>vestigiis</span> <span class='ocrx_word' id='word_1_67' title='bbox 989 1255 1174 1321; x_wconf 79' lang='lat' dir='ltr'>oblitteratis</span> 
     </span>
     <span class='ocr_line' id='line_1_10' title="bbox 103 1354 1174 1444; baseline 0.004 -23"><span class='ocrx_word' id='word_1_68' title='bbox 103 1357 248 1423; x_wconf 86' lang='lat' dir='ltr'>eruendis</span> <span class='ocrx_word' id='word_1_69' title='bbox 269 1360 302 1423; x_wconf 91' lang='lat' dir='ltr'>et</span> <span class='ocrx_word' id='word_1_70' title='bbox 323 1354 505 1442; x_wconf 77' lang='lat' dir='ltr'>aperiendis,</span> <span class='ocrx_word' id='word_1_71' title='bbox 528 1360 566 1425; x_wconf 90' lang='lat' dir='ltr'>de</span> <span class='ocrx_word' id='word_1_72' title='bbox 584 1361 682 1443; x_wconf 88' lang='lat' dir='ltr'>ipsius</span> <span class='ocrx_word' id='word_1_73' title='bbox 701 1381 779 1427; x_wconf 80' lang='lat' dir='ltr'>verae</span> <span class='ocrx_word' id='word_1_74' title='bbox 795 1363 954 1444; x_wconf 76' lang='lat' dir='ltr'>scripture</span> <span class='ocrx_word' id='word_1_75' title='bbox 970 1361 1174 1444; x_wconf 83' lang='lat' dir='ltr'>exquisitione</span> 
     </span>
     <span class='ocr_line' id='line_1_11' title="bbox 102 1464 1172 1552; baseline 0.004 -24"><span class='ocrx_word' id='word_1_76' title='bbox 102 1464 144 1528; x_wconf 92' lang='lat' dir='ltr'>ad</span> <span class='ocrx_word' id='word_1_77' title='bbox 166 1483 272 1530; x_wconf 91' lang='lat' dir='ltr'>omnes</span> <span class='ocrx_word' id='word_1_78' title='bbox 293 1468 455 1532; x_wconf 84' lang='lat' dir='ltr'>sententiae</span> <span class='ocrx_word' id='word_1_79' title='bbox 477 1469 509 1532; x_wconf 92' lang='lat' dir='ltr'>et</span> <span class='ocrx_word' id='word_1_80' title='bbox 531 1468 678 1532; x_wconf 85' lang='lat' dir='ltr'>cretionis</span> <span class='ocrx_word' id='word_1_81' title='bbox 699 1474 787 1533; x_wconf 85' lang='lat' dir='ltr'>notas</span> <span class='ocrx_word' id='word_1_82' title='bbox 809 1467 978 1552; x_wconf 85' lang='lat' dir='ltr'>dirigenda,</span> <span class='ocrx_word' id='word_1_83' title='bbox 1003 1469 1081 1533; x_wconf 86' lang='lat' dir='ltr'>nihil</span> <span class='ocrx_word' id='word_1_84' title='bbox 1114 1471 1172 1545; x_wconf 86' lang='lat' dir='ltr'>est,</span> 
     </span>
     <span class='ocr_line' id='line_1_12' title="bbox 104 1569 1172 1657; baseline 0.005 -23"><span class='ocrx_word' id='word_1_85' title='bbox 104 1569 186 1653; x_wconf 88' lang='lat' dir='ltr'>quod</span> <span class='ocrx_word' id='word_1_86' title='bbox 217 1590 298 1636; x_wconf 91' lang='lat' dir='ltr'>nunc</span> <span class='ocrx_word' id='word_1_87' title='bbox 327 1572 368 1638; x_wconf 92' lang='lat' dir='ltr'>iis</span> <span class='ocrx_word' id='word_1_88' title='bbox 399 1572 522 1645; x_wconf 86' lang='lat' dir='ltr'>addam,</span> <span class='ocrx_word' id='word_1_89' title='bbox 553 1593 620 1657; x_wconf 85' lang='lat' dir='ltr'>quae</span> <span class='ocrx_word' id='word_1_90' title='bbox 649 1575 680 1638; x_wconf 93' lang='lat' dir='ltr'>in</span> <span class='ocrx_word' id='word_1_91' title='bbox 713 1573 966 1642; x_wconf 84' lang='lat' dir='ltr'>Adversariorum</span> <span class='ocrx_word' id='word_1_92' title='bbox 989 1575 1172 1640; x_wconf 77' lang='lat' dir='ltr'>(triticorum</span> 
     </span>
     <span class='ocr_line' id='line_1_13' title="bbox 103 1679 1171 1764; baseline 0.001 -19"><span class='ocrx_word' id='word_1_93' title='bbox 103 1679 205 1764; x_wconf 88' lang='lat' dir='ltr'>primo</span> <span class='ocrx_word' id='word_1_94' title='bbox 238 1681 315 1746; x_wconf 89' lang='lat' dir='ltr'>libro</span> <span class='ocrx_word' id='word_1_95' title='bbox 349 1679 481 1763; x_wconf 83' lang='lat' dir='ltr'>exposui,</span> <span class='ocrx_word' id='word_1_96' title='bbox 514 1699 572 1745; x_wconf 91' lang='lat' dir='ltr'>nec</span> <span class='ocrx_word' id='word_1_97' title='bbox 604 1681 692 1746; x_wconf 89' lang='lat' dir='ltr'>lubet</span> <span class='ocrx_word' id='word_1_98' title='bbox 723 1681 774 1746; x_wconf 93' lang='lat' dir='ltr'>hic</span> <span class='ocrx_word' id='word_1_99' title='bbox 811 1684 953 1764; x_wconf 90' lang='lat' dir='ltr'>conqueri</span> <span class='ocrx_word' id='word_1_100' title='bbox 990 1683 1028 1747; x_wconf 92' lang='lat' dir='ltr'>de</span> <span class='ocrx_word' id='word_1_101' title='bbox 1065 1701 1171 1746; x_wconf 91' lang='lat' dir='ltr'>eorum</span> 
     </span>
     <span class='ocr_line' id='line_1_14' title="bbox 103 1786 1173 1870; baseline 0.001 -18"><span class='ocrx_word' id='word_1_102' title='bbox 103 1787 313 1862; x_wconf 82' lang='lat' dir='ltr'>immodestia,</span> <span class='ocrx_word' id='word_1_103' title='bbox 334 1786 390 1869; x_wconf 90' lang='lat' dir='ltr'>qui</span> <span class='ocrx_word' id='word_1_104' title='bbox 410 1805 510 1869; x_wconf 89' lang='lat' dir='ltr'>neque</span> <span class='ocrx_word' id='word_1_105' title='bbox 532 1788 684 1851; x_wconf 87' lang='lat' dir='ltr'>sermonis</span> <span class='ocrx_word' id='word_1_106' title='bbox 699 1788 818 1870; x_wconf 86' lang='lat' dir='ltr'>antiqui</span> <span class='ocrx_word' id='word_1_107' title='bbox 832 1789 962 1854; x_wconf 89' lang='lat' dir='ltr'>scientia</span> <span class='ocrx_word' id='word_1_108' title='bbox 976 1807 1013 1854; x_wconf 88' lang='lat' dir='ltr'>ac</span> <span class='ocrx_word' id='word_1_109' title='bbox 1024 1787 1173 1854; x_wconf 73' lang='lat' dir='ltr'>&#39;facultate</span> 
     </span>
     <span class='ocr_line' id='line_1_15' title="bbox 102 1893 1173 1977; baseline 0 -19"><span class='ocrx_word' id='word_1_110' title='bbox 102 1895 204 1959; x_wconf 89' lang='lat' dir='ltr'>multa</span> <span class='ocrx_word' id='word_1_111' title='bbox 225 1895 344 1960; x_wconf 85' lang='lat' dir='ltr'>attente</span> <span class='ocrx_word' id='word_1_112' title='bbox 365 1893 497 1977; x_wconf 82' lang='lat' dir='ltr'>legendo</span> <span class='ocrx_word' id='word_1_113' title='bbox 520 1895 698 1976; x_wconf 87' lang='lat' dir='ltr'>comparata</span> <span class='ocrx_word' id='word_1_114' title='bbox 716 1912 812 1976; x_wconf 91' lang='lat' dir='ltr'>neque</span> <span class='ocrx_word' id='word_1_115' title='bbox 828 1895 940 1961; x_wconf 91' lang='lat' dir='ltr'>indicio</span> <span class='ocrx_word' id='word_1_116' title='bbox 955 1894 1173 1960; x_wconf 82' lang='lat' dir='ltr'>exercitatione</span> 
     </span>
     <span class='ocr_line' id='line_1_16' title="bbox 103 2001 1172 2084; baseline -0.002 -18"><span class='ocrx_word' id='word_1_117' title='bbox 103 2001 232 2067; x_wconf 87' lang='lat' dir='ltr'>subacto</span> <span class='ocrx_word' id='word_1_118' title='bbox 254 2020 314 2066; x_wconf 91' lang='lat' dir='ltr'>non</span> <span class='ocrx_word' id='word_1_119' title='bbox 335 2001 438 2065; x_wconf 89' lang='lat' dir='ltr'>minus</span> <span class='ocrx_word' id='word_1_120' title='bbox 460 2001 568 2065; x_wconf 87' lang='lat' dir='ltr'>leuiter</span> <span class='ocrx_word' id='word_1_121' title='bbox 589 2019 664 2064; x_wconf 86' lang='lat' dir='ltr'>sana</span> <span class='ocrx_word' id='word_1_122' title='bbox 686 2006 717 2066; x_wconf 89' lang='lat' dir='ltr'>et</span> <span class='ocrx_word' id='word_1_123' title='bbox 733 2005 819 2066; x_wconf 89' lang='lat' dir='ltr'>recta</span> <span class='ocrx_word' id='word_1_124' title='bbox 833 2002 1033 2068; x_wconf 85' lang='lat' dir='ltr'>coniectando</span> <span class='ocrx_word' id='word_1_125' title='bbox 1049 2020 1172 2084; x_wconf 86' lang='lat' dir='ltr'>peruer-</span> 
     </span>
     <span class='ocr_line' id='line_1_17' title="bbox 102 2107 1172 2191; baseline 0 -20"><span class='ocrx_word' id='word_1_126' title='bbox 102 2109 178 2172; x_wconf 89' lang='lat' dir='ltr'>tuut</span> <span class='ocrx_word' id='word_1_127' title='bbox 210 2126 303 2191; x_wconf 91' lang='lat' dir='ltr'>quam</span> <span class='ocrx_word' id='word_1_128' title='bbox 334 2108 447 2173; x_wconf 85' lang='lat' dir='ltr'>vitiosa</span> <span class='ocrx_word' id='word_1_129' title='bbox 476 2107 660 2183; x_wconf 89' lang='lat' dir='ltr'>defendunt;</span> <span class='ocrx_word' id='word_1_130' title='bbox 692 2109 825 2185; x_wconf 78' lang='lat' dir='ltr'>tuntum,</span> <span class='ocrx_word' id='word_1_131' title='bbox 847 2111 883 2172; x_wconf 91' lang='lat' dir='ltr'>ut</span> <span class='ocrx_word' id='word_1_132' title='bbox 911 2107 990 2172; x_wconf 89' lang='lat' dir='ltr'>mibi</span> <span class='ocrx_word' id='word_1_133' title='bbox 1016 2107 1172 2172; x_wconf 86' lang='lat' dir='ltr'>interdum</span> 
     </span>
     <span class='ocr_line' id='line_1_18' title="bbox 105 2214 1173 2297; baseline -0.003 -17"><span class='ocrx_word' id='word_1_134' title='bbox 105 2215 236 2296; x_wconf 88' lang='lat' dir='ltr'>exempli</span> <span class='ocrx_word' id='word_1_135' title='bbox 258 2233 351 2280; x_wconf 88' lang='lat' dir='ltr'>cansa</span> <span class='ocrx_word' id='word_1_136' title='bbox 371 2214 550 2280; x_wconf 91' lang='lat' dir='ltr'>huiusmodi</span> <span class='ocrx_word' id='word_1_137' title='bbox 572 2214 714 2296; x_wconf 88' lang='lat' dir='ltr'>quaedem</span> <span class='ocrx_word' id='word_1_138' title='bbox 746 2219 852 2296; x_wconf 87' lang='lat' dir='ltr'>operte</span> <span class='ocrx_word' id='word_1_139' title='bbox 879 2214 1001 2279; x_wconf 71' lang='lat' dir='ltr'>noenu</span> <span class='ocrx_word' id='word_1_140' title='bbox 1024 2233 1061 2280; x_wconf 88' lang='lat' dir='ltr'>ac</span> <span class='ocrx_word' id='word_1_141' title='bbox 1085 2232 1173 2297; x_wconf 85' lang='lat' dir='ltr'>paene</span> 
     </span>
     <span class='ocr_line' id='line_1_19' title="bbox 102 2319 1173 2405; baseline 0 -21"><span class='ocrx_word' id='word_1_142' title='bbox 102 2320 309 2386; x_wconf 83' lang='lat' dir='ltr'>subirascenti</span> <span class='ocrx_word' id='word_1_143' title='bbox 329 2322 515 2405; x_wconf 81' lang='lat' dir='ltr'>ignoscatur,</span> <span class='ocrx_word' id='word_1_144' title='bbox 545 2339 659 2403; x_wconf 81' lang='lat' dir='ltr'>precor,</span> <span class='ocrx_word' id='word_1_145' title='bbox 686 2337 755 2403; x_wconf 84' lang='lat' dir='ltr'>quae</span> <span class='ocrx_word' id='word_1_146' title='bbox 786 2322 875 2385; x_wconf 86' lang='lat' dir='ltr'>venia</span> <span class='ocrx_word' id='word_1_147' title='bbox 896 2321 1028 2386; x_wconf 79' lang='lat' dir='ltr'>fortasse</span> <span class='ocrx_word' id='word_1_148' title='bbox 1050 2319 1173 2384; x_wconf 88' lang='lat' dir='ltr'>facilius</span> 
     </span>
     <span class='ocr_line' id='line_1_20' title="bbox 103 2424 1171 2500; baseline -0.003 -9"><span class='ocrx_word' id='word_1_149' title='bbox 103 2425 181 2491; x_wconf 88' lang='lat' dir='ltr'>mihi</span> <span class='ocrx_word' id='word_1_150' title='bbox 215 2427 355 2500; x_wconf 89' lang='lat' dir='ltr'>dabitur,</span> <span class='ocrx_word' id='word_1_151' title='bbox 389 2428 414 2493; x_wconf 89' lang='lat' dir='ltr'>si</span> <span class='ocrx_word' id='word_1_152' title='bbox 448 2426 595 2492; x_wconf 85' lang='lat' dir='ltr'>addidero</span> <span class='ocrx_word' id='word_1_153' title='bbox 628 2425 793 2491; x_wconf 90' lang='lat' dir='ltr'>ridiculum</span> <span class='ocrx_word' id='word_1_154' title='bbox 823 2444 873 2491; x_wconf 89' lang='lat' dir='ltr'>me</span> <span class='ocrx_word' id='word_1_155' title='bbox 907 2426 1063 2491; x_wconf 88' lang='lat' dir='ltr'>interdum</span> <span class='ocrx_word' id='word_1_156' title='bbox 1096 2424 1171 2490; x_wconf 90' lang='lat' dir='ltr'>mihi</span> 
     </span>
     <span class='ocr_line' id='line_1_21' title="bbox 102 2531 1174 2617; baseline 0 -21"><span class='ocrx_word' id='word_1_157' title='bbox 102 2533 208 2616; x_wconf 90' lang='lat' dir='ltr'>ipsum</span> <span class='ocrx_word' id='word_1_158' title='bbox 240 2532 353 2614; x_wconf 73' lang='lat' dir='ltr'>uidem,</span> <span class='ocrx_word' id='word_1_159' title='bbox 386 2534 438 2617; x_wconf 91' lang='lat' dir='ltr'>qui</span> <span class='ocrx_word' id='word_1_160' title='bbox 468 2551 562 2615; x_wconf 90' lang='lat' dir='ltr'>prope</span> <span class='ocrx_word' id='word_1_161' title='bbox 595 2533 808 2617; x_wconf 85' lang='lat' dir='ltr'>octogenarius</span> <span class='ocrx_word' id='word_1_162' title='bbox 840 2531 897 2598; x_wconf 86' lang='lat' dir='ltr'>has</span> <span class='ocrx_word' id='word_1_163' title='bbox 929 2532 1108 2598; x_wconf 86' lang='lat' dir='ltr'>mendorum</span> <span class='ocrx_word' id='word_1_164' title='bbox 1141 2535 1174 2596; x_wconf 88' lang='lat' dir='ltr'>et</span> 
     </span>
     <span class='ocr_line' id='line_1_22' title="bbox 101 2641 655 2706; baseline -0.004 0"><span class='ocrx_word' id='word_1_165' title='bbox 101 2641 347 2706; x_wconf 88' lang='lat' dir='ltr'>coniecturarum</span> <span class='ocrx_word' id='word_1_166' title='bbox 371 2642 520 2706; x_wconf 87' lang='lat' dir='ltr'>minutias</span> <span class='ocrx_word' id='word_1_167' title='bbox 542 2659 655 2704; x_wconf 89' lang='lat' dir='ltr'>curem.</span> 
     </span>
    </p>
   </div>
   <div class='ocr_carea' id='block_1_3' title="bbox 555 2924 724 3002">
    <p class='ocr_par' dir='ltr' id='par_1_3' title="bbox 555 2924 724 3002">
     <span class='ocr_line' id='line_1_23' title="bbox 555 2924 724 3002; baseline -0.006 -2"><span class='ocrx_word' id='word_1_168' title='bbox 555 2924 677 3002; x_wconf 83' lang='lat' dir='ltr'>Liber</span> <span class='ocrx_word' id='word_1_169' title='bbox 697 2928 724 3000; x_wconf 94' lang='grc' dir='ltr'>Ι.</span> 
     </span>
    </p>
   </div>
   <div class='ocr_carea' id='block_1_4' title="bbox 448 3059 831 3126">
    <p class='ocr_par' dir='ltr' id='par_1_4' title="bbox 448 3059 831 3126">
     <span class='ocr_line' id='line_1_24' title="bbox 448 3059 831 3126; baseline -0.003 -1"><span class='ocrx_word' id='word_1_170' title='bbox 448 3060 686 3126; x_wconf 75' lang='lat' dir='ltr'>Emendationes</span> <span class='ocrx_word' id='word_1_171' title='bbox 708 3059 831 3126; x_wconf 84' lang='lat' dir='ltr'>Graecae.</span> 
     </span>
    </p>
   </div>
   <div class='ocr_carea' id='block_1_5' title="bbox 577 3227 711 3309">
    <p class='ocr_par' dir='ltr' id='par_1_5' title="bbox 577 3227 711 3309">
     <span class='ocr_line' id='line_1_25' title="bbox 577 3227 711 3309; baseline 0 -17"><span class='ocrx_word' id='word_1_172' title='bbox 577 3227 662 3309; x_wconf 83' lang='lat' dir='ltr'>Cap.</span> <span class='ocrx_word' id='word_1_173' title='bbox 686 3229 711 3292; x_wconf 93' lang='grc' dir='ltr'>Ι.</span> 
     </span>
    </p>
   </div>
   <div class='ocr_carea' id='block_1_6' title="bbox 271 3346 1007 3418">
    <p class='ocr_par' dir='ltr' id='par_1_6' title="bbox 271 3346 1007 3418">
     <span class='ocr_line' id='line_1_26' title="bbox 271 3346 1007 3418; baseline -0.004 -17"><span class='ocrx_word' id='word_1_174' title='bbox 271 3347 383 3404; x_wconf 89' lang='lat' dir='ltr'>Homeri</span> <span class='ocrx_word' id='word_1_175' title='bbox 402 3348 476 3404; x_wconf 87' lang='lat' dir='ltr'>Ilias.</span> <span class='ocrx_word' id='word_1_176' title='bbox 513 3347 656 3418; x_wconf 85' lang='lat' dir='ltr'>Sophoclis</span> <span class='ocrx_word' id='word_1_177' title='bbox 676 3348 754 3402; x_wconf 84' lang='lat' dir='ltr'>Aiax.</span> <span class='ocrx_word' id='word_1_178' title='bbox 790 3347 932 3416; x_wconf 87' lang='lat' dir='ltr'>Euripidis</span> <span class='ocrx_word' id='word_1_179' title='bbox 949 3346 1007 3400; x_wconf 92' lang='lat' dir='ltr'>Ion.</span> 
     </span>
    </p>
   </div>
   <div class='ocr_carea' id='block_1_7' title="bbox 101 3496 1284 4114">
    <p class='ocr_par' dir='ltr' id='par_1_7' title="bbox 101 3496 1284 4114">
     <span class='ocr_line' id='line_1_27' title="bbox 206 3496 1173 3584; baseline -0.001 -21"><span class='ocrx_word' id='word_1_180' title='bbox 206 3499 316 3564; x_wconf 83' lang='lat' dir='ltr'>Audax</span> <span class='ocrx_word' id='word_1_181' title='bbox 330 3499 449 3566; x_wconf 86' lang='lat' dir='ltr'>facinus</span> <span class='ocrx_word' id='word_1_182' title='bbox 464 3500 634 3584; x_wconf 83' lang='lat' dir='ltr'>aggredior.</span> <span class='ocrx_word' id='word_1_183' title='bbox 668 3501 703 3562; x_wconf 91' lang='lat' dir='ltr'>ln</span> <span class='ocrx_word' id='word_1_184' title='bbox 726 3499 845 3564; x_wconf 88' lang='lat' dir='ltr'>duobus</span> <span class='ocrx_word' id='word_1_185' title='bbox 868 3500 949 3563; x_wconf 88' lang='lat' dir='ltr'>enim</span> <span class='ocrx_word' id='word_1_186' title='bbox 965 3496 1071 3562; x_wconf 89' lang='lat' dir='ltr'>lliedis</span> <span class='ocrx_word' id='word_1_187' title='bbox 1086 3496 1173 3572; x_wconf 90' lang='lat' dir='ltr'>locis,</span> 
     </span>
     <span class='ocr_line' id='line_1_28' title="bbox 102 3603 1173 3689; baseline -0.003 -18"><span class='ocrx_word' id='word_1_188' title='bbox 102 3625 182 3688; x_wconf 90' lang='lat' dir='ltr'>quos</span> <span class='ocrx_word' id='word_1_189' title='bbox 204 3609 325 3671; x_wconf 87' lang='lat' dir='ltr'>constet</span> <span class='ocrx_word' id='word_1_190' title='bbox 346 3606 465 3689; x_wconf 89' lang='lat' dir='ltr'>aliquot</span> <span class='ocrx_word' id='word_1_191' title='bbox 486 3606 735 3672; x_wconf 76' lang='lat' dir='ltr'>antechristum</span> <span class='ocrx_word' id='word_1_192' title='bbox 757 3608 863 3670; x_wconf 91' lang='lat' dir='ltr'>natum</span> <span class='ocrx_word' id='word_1_193' title='bbox 888 3605 1017 3682; x_wconf 79' lang='lat' dir='ltr'>seculis,</span> <span class='ocrx_word' id='word_1_194' title='bbox 1040 3603 1173 3668; x_wconf 88' lang='lat' dir='ltr'>alterum</span> 
     </span>
     <span class='ocr_line' id='line_1_29' title="bbox 103 3711 1174 3794; baseline -0.003 -18"><span class='ocrx_word' id='word_1_195' title='bbox 103 3711 200 3776; x_wconf 86' lang='lat' dir='ltr'>etiam</span> <span class='ocrx_word' id='word_1_196' title='bbox 233 3713 382 3778; x_wconf 88' lang='lat' dir='ltr'>Herodoti</span> <span class='ocrx_word' id='word_1_197' title='bbox 416 3715 515 3786; x_wconf 80' lang='lat' dir='ltr'>etate,</span> <span class='ocrx_word' id='word_1_198' title='bbox 549 3716 657 3778; x_wconf 94' lang='lat' dir='ltr'>eodem</span> <span class='ocrx_word' id='word_1_199' title='bbox 689 3715 780 3778; x_wconf 93' lang='lat' dir='ltr'>modo</span> <span class='ocrx_word' id='word_1_200' title='bbox 813 3714 942 3794; x_wconf 87' lang='lat' dir='ltr'>scriptos</span> <span class='ocrx_word' id='word_1_201' title='bbox 975 3711 1079 3783; x_wconf 86' lang='lat' dir='ltr'>fuisse,</span> <span class='ocrx_word' id='word_1_202' title='bbox 1113 3729 1174 3792; x_wconf 92' lang='lat' dir='ltr'>quo</span> 
     </span>
     <span class='ocr_line' id='line_1_30' title="bbox 101 3805 1284 3900; baseline -0.003 -18"><span class='ocrx_word' id='word_1_203' title='bbox 101 3837 187 3884; x_wconf 91' lang='lat' dir='ltr'>nnnc</span> <span class='ocrx_word' id='word_1_204' title='bbox 207 3819 239 3884; x_wconf 89' lang='lat' dir='ltr'>in</span> <span class='ocrx_word' id='word_1_205' title='bbox 262 3819 419 3885; x_wconf 85' lang='lat' dir='ltr'>codicibus</span> <span class='ocrx_word' id='word_1_206' title='bbox 442 3820 474 3884; x_wconf 90' lang='lat' dir='ltr'>et</span> <span class='ocrx_word' id='word_1_207' title='bbox 496 3819 685 3886; x_wconf 88' lang='lat' dir='ltr'>editionibus</span> <span class='ocrx_word' id='word_1_208' title='bbox 707 3820 892 3897; x_wconf 89' lang='lat' dir='ltr'>scribuntur,</span> <span class='ocrx_word' id='word_1_209' title='bbox 914 3822 1014 3900; x_wconf 89' lang='lat' dir='ltr'>poetae</span> <span class='ocrx_word' id='word_1_210' title='bbox 1035 3805 1170 3880; x_wconf 86' lang='lat' dir='ltr'>mentem</span> <span class='ocrx_word' id='word_1_211' title='bbox 1277 3833 1284 3842; x_wconf 86' lang='grc'><em>’</em></span> 
     </span>
     <span class='ocr_line' id='line_1_31' title="bbox 102 3908 1172 4008; baseline -0.006 -18"><span class='ocrx_word' id='word_1_212' title='bbox 102 3908 371 4008; x_wconf 71' lang='lat' dir='ltr'>scientiamque</span> <span class='ocrx_word' id='word_1_213' title='bbox 385 3925 603 4008; x_wconf 89' lang='lat' dir='ltr'>antiquissimo</span> <span class='ocrx_word' id='word_1_214' title='bbox 636 3945 735 3991; x_wconf 91' lang='lat' dir='ltr'>errore</span> <span class='ocrx_word' id='word_1_215' title='bbox 767 3927 961 3992; x_wconf 82' lang='lat' dir='ltr'>obscuratam</span> <span class='ocrx_word' id='word_1_216' title='bbox 991 3941 1057 3988; x_wconf 88' lang='lat' dir='ltr'>esse</span> <span class='ocrx_word' id='word_1_217' title='bbox 1082 3939 1172 3986; x_wconf 92' lang='lat' dir='ltr'>mon·</span> 
     </span>
     <span class='ocr_line' id='line_1_32' title="bbox 102 4029 1172 4114; baseline -0.008 -16"><span class='ocrx_word' id='word_1_218' title='bbox 102 4036 204 4098; x_wconf 88' lang='lat' dir='ltr'>strare</span> <span class='ocrx_word' id='word_1_219' title='bbox 236 4035 375 4099; x_wconf 86' lang='lat' dir='ltr'>conabor.</span> <span class='ocrx_word' id='word_1_220' title='bbox 430 4034 534 4098; x_wconf 90' lang='lat' dir='ltr'>Minus</span> <span class='ocrx_word' id='word_1_221' title='bbox 567 4034 680 4110; x_wconf 77' lang='lat' dir='ltr'>tamen,</span> <span class='ocrx_word' id='word_1_222' title='bbox 715 4034 751 4097; x_wconf 91' lang='lat' dir='ltr'>ut</span> <span class='ocrx_word' id='word_1_223' title='bbox 779 4035 893 4114; x_wconf 90' lang='lat' dir='ltr'>opinor,</span> <span class='ocrx_word' id='word_1_224' title='bbox 915 4029 1100 4096; x_wconf 86' lang='lat' dir='ltr'>temeritatis</span> <span class='ocrx_word' id='word_1_225' title='bbox 1122 4044 1172 4090; x_wconf 89' lang='lat' dir='ltr'>res</span> 
     </span>
    </p>
   </div>
   <div class='ocr_carea' id='block_1_8' title="bbox 100 4137 1172 4300">
    <p class='ocr_par' dir='ltr' id='par_1_8' title="bbox 100 4137 1172 4300">
     <span class='ocr_line' id='line_1_33' title="bbox 100 4137 1172 4221; baseline -0.008 -17"><span class='ocrx_word' id='word_1_226' title='bbox 100 4139 217 4205; x_wconf 89' lang='lat' dir='ltr'>habero</span> <span class='ocrx_word' id='word_1_227' title='bbox 250 4140 413 4219; x_wconf 88' lang='lat' dir='ltr'>videbitur,</span> <span class='ocrx_word' id='word_1_228' title='bbox 447 4142 473 4204; x_wconf 88' lang='lat' dir='ltr'>si</span> <span class='ocrx_word' id='word_1_229' title='bbox 502 4138 571 4221; x_wconf 89' lang='lat' dir='ltr'>quis</span> <span class='ocrx_word' id='word_1_230' title='bbox 593 4139 760 4220; x_wconf 89' lang='lat' dir='ltr'>prudenter</span> <span class='ocrx_word' id='word_1_231' title='bbox 788 4137 1035 4211; x_wconf 81' lang='lat' dir='ltr'>consideraverit,</span> <span class='ocrx_word' id='word_1_232' title='bbox 1063 4151 1172 4214; x_wconf 90' lang='lat' dir='ltr'>qnem-</span> 
     </span>
     <span class='ocr_line' id='line_1_34' title="bbox 938 4241 968 4300; baseline 0 -36"><span class='ocrx_word' id='word_1_233' title='bbox 938 4241 968 4300; x_wconf 66' lang='lat'>1,</span> 
     </span>
    </p>
   </div>
   <div class='ocr_carea' id='block_1_9' title="bbox 0 0 1368 4582">
    <p class='ocr_par' dir='ltr' id='par_1_9' title="bbox 0 0 1368 4582">
     <span class='ocr_line' id='line_1_35' title="bbox 0 0 1368 4582; baseline 0 0"><span class='ocrx_word' id='word_1_234' title='bbox 0 0 1368 4582; x_wconf 95' lang='lat' dir='ltr'> </span> 
     </span>
    </p>
   </div>
  </div>
 </body>
</html>
