2728 4582
475 27 489 68 Ι

489 269 648 324 Athenaeus.
1021 269 1058 332 61

44 463 145 546 ltaque
168 465 257 531 ualde
279 467 417 547 suspicor
432 465 640 550 Hegesippunr
658 466 817 548 scripsisse
841 463 881 533 ια’
906 461 991 554 φοί
1010 477 1105 556 ἔχον-

43 595 101 645 τες,
124 569 247 654 nigram
268 574 301 636 ei
322 571 495 656 squalidam
517 577 646 640 vescam.

132 711 170 778 P.
195 712 256 775 300
280 731 297 777 c
319 713 363 788 (in
386 713 559 796 fragmento
581 711 768 795 Antiphanis
792 731 827 779 ex
849 713 1033 800 Thamyra):

120 835 259 930 Θρῄκης
280 835 454 924 αατοίρδων
476 837 635 926 ποταμός
657 835 899 927 ὠνομασμένος

117 943 289 1031 Στρνμοίν
312 975 341 1012 ν.
364 975 394 1014 τ.
419 951 446 1013 λ.

134 1076 353 1144 Scribendnm:
380 1080 554 1166 Θρῇκας
578 1074 761 1176 κατάρδων.
795 1078 981 1156 (Meinekius
1006 1072 1103 1167 Θρῂ·

36 1211 108 1268 την,
131 1186 215 1268 quad
238 1203 298 1250 non
320 1184 408 1250 facile
430 1188 608 1269 corruptum
630 1186 766 1262 luisset.)

132 1326 168 1393 P.
191 1325 253 1389 307
277 1345 304 1394 e.
349 1322 496 1411 Εὔφρων
518 1328 657 1412 Αἰσχρᾷ·
708 1331 712 1337 ’

120 1433 236 1506 Μίδας
258 1432 291 1498 δὲ
316 1429 472 1518 κεστρεύς
497 1442 576 1498 ἐστι·
600 1436 720 1517 νῆστις
741 1445 934 1516 περιπατεῖ.

132 1561 337 1627 Scribendum
361 1563 539 1628 manifeste:

115 1691 235 1763 Μίδας
258 1693 292 1758 δὲ
316 1688 475 1777 κεστρεύς
498 1691 600 1758 diuae
626 1695 742 1776 νῆστις
765 1705 956 1774 περιπατεῖ,

39 1799 299 1879 quemadmodum
324 1798 355 1862 in
380 1801 527 1882 Amipsiae
556 1799 730 1882 fragmento
760 1798 893 1881 proxime
920 1798 1104 1881 praecedenti

39 1905 175 1971 scribitur
192 1906 306 1990 νῆστις
323 1904 483 1990 καθάπερ
500 1902 665 1990 κεστρεύς.
702 1905 892 1970 Testimonia
906 1905 1101 1991 colliguntur,

38 2010 67 2074 in
97 2013 211 2094 quibus
242 2026 389 2097 κεστρεῖς
412 2007 567 2099 νήστιδες
599 2012 716 2094 duplici
752 2011 874 2077 nomine
907 2012 1104 2094 appellantur

38 2117 197 2202 'tamquam
221 2119 388 2204 singularis
411 2122 526 2203 species
549 2121 616 2185 τῶν
637 2118 848 2203 κιοτρέων.*)

131 2259 169 2328 P.
194 2260 256 2324 314
278 2279 295 2325 ο
317 2260 360 2338 (in
385 2262 556 2344 fragmento
581 2259 804 2337 Archeslralilt

638 2396 706 2456 ἔστι
730 2389 764 2454 δὲ
788 2386 904 2460 κεδνὸς

116 2488 184 2560 κοῖν
205 2496 356 2582 πορθμῷ
378 2492 464 2582 προς
485 2493 620 2582 ἄκραισι
643 2489 862 2580 Πελωριάδος
885 2504 1071 2580 προχοαῑσι.

134 2625 385 2692 Prcmunloriur'n
407 2647 468 2693 nnn
489 2628 582 2694 habet
597 2623 755 2712 προχοάς,
772 2645 839 2710 quae
855 2624 1018 2690 fluviorum
1033 2622 1104 2688 sunl
1194 2601 1196 2606 ’

34 2749 96 2807 cra,
118 2732 174 2797 sed
198 2758 222 2797 τι
234 2758 252 2816 ρ
263 2730 438 2818 edelric,
462 2753 552 2816 rupes
569 2735 601 2798 ei
615 2733 759 2816 scopulos
774 2734 864 2817 longe
880 2733 1101 2816 procurrentes,

40 2836 142 2922 ltaque
167 2840 360 2905 scribendum
383 2842 596 2926 προβολαῖσι.

133 2979 174 3046 Ρ.
197 2981 259 3044 318
282 2981 303 3046 d
324 2981 367 3058 (in
390 2981 552 3065 Posidippi
575 2981 798 3065 epigrammate
819 2979 851 3043 in
873 2978 1053 3053 Venerem):

118 3102 141 3192 ἦ
165 3109 198 3174 δὲ
223 3113 278 3176 καί
302 3103 469 3196 εὐπλοΐην
491 3105 589 3179 δοίοει
612 3114 666 3192 ναί
689 3109 822 3196 χείματι
844 3113 955 3193 μέσσῳ

118 3209 158 3282 ad
182 3213 298 3285 micus)
320 3221 533 3303 λισσομένοις
555 3220 729 3284 ἐκλιπανεῖ
751 3218 906 3299 πέλαγος.

136 3345 265 3412 Frustra
281 3349 501 3422 ἐκλιπαίνειν,
527 3347 609 3432 quod
625 3366 719 3413 unam
732 3345 827 3411 habel
844 3345 955 3428 pingue
970 3340 1103 3407 faciendi

39 3446 307 3539 significationem,
340 3456 516 3522 traductum
548 3459 675 3537 pacatur
703 3459 735 3518 ec
765 3453 802 3517 de
831 3450 910 3515 mari
939 3447 1103 3514 sternendo

40 3551 168 3624 dicium.
216 3559 388 3642 Scripserat
409 3561 594 3644 Posidippus
617 3562 823 3632 ἐκλεανεῑ,
845 3555 1001 3639 levigabit.
1009 3552 1057 3633 ”l

93 3825 119 3894 *l
137 3827 166 3882 P.
179 3829 262 3884 3091>
282 3832 454 3887 scribendum
473 3832 579 3888 videtur
598 3829 647 3886 οὐκ
668 3828 703 3884 ἐν
722 3833 760 3903 τῷ
779 3828 901 3898 στόματι,
921 3822 979 3880 cill'
998 3821 1053 3880 ὑπὸ
1072 3822 1105 3878 τὸ

139 3916 227 3990 στόμα
246 3922 307 3994 (pro
326 3924 376 3994 οὐχ
394 3923 450 3980 ὑπὸ
469 3945 491 3978 τ.
512 3928 556 3994 u).

75 4013 121 4081 **l
138 4014 168 4073 P.
178 4015 232 4072 330
242 4033 257 4072 c
266 4017 439 4073 scribendum
448 4019 554 4073 videtur
568 4020 715 4086 ποίησαι
727 4030 777 4085 pro
790 4009 973 4084 ποιήσασθαι,
982 4013 1013 4064 ut
1022 4007 1105 4063 ἔασον

139 4103 212 4177 ἡμᾶς
231 4108 355 4165 absolute
372 4110 491 4165 dicatur:
510 4110 589 4165 nobis
608 4109 714 4165 omissis
733 4123 799 4161 cura
817 4103 1015 4175 corpusculum.
