2740 4572
435 228 575 288 Ciceronis
593 230 725 302 epistolae.
1010 233 1072 297 203

36 424 189 506 epistolae
209 425 309 490 tertiae
331 426 457 492 initium
478 427 686 493 intercidisset
700 429 731 494 in
748 447 784 493 ea
798 429 915 507 lacuna,
932 449 1000 513 quae
1015 429 1111 495 etiam

37 529 189 595 secundae
212 532 349 615 epistola
371 531 463 598 finem
486 534 598 600 amisso
621 533 695 600 lolio
717 534 831 613 hausit,
852 533 885 599 in
910 533 990 600 hunc
1012 537 1112 601 locum

37 636 235 718 irrepserunt
257 637 302 715 (in
325 637 469 716 editione,
499 657 571 705 sane
598 659 659 706 uon
687 643 718 705 in
741 639 858 719 codice)
881 642 975 706 verba
997 641 1114 725 aliquot

39 743 127 818 (sed
151 743 316 826 quc'nos
337 745 544 821 amisisse3
572 766 683 829 quem
715 747 772 812 sic
795 747 929 812 vexari
952 766 970 811 a
993 747 1111 812 Dola-

38 849 304 928 bellaandio,
320 855 362 914 ut
382 851 458 915 iam
481 870 555 917 non
577 850 1111 918 videaturcrudelissimum

40 957 134 1038 eins
167 957 326 1021 facinus
355 957 597 1023 interiectio
619 959 835 1036 Trebonii),
868 977 936 1040 quae
956 960 1112 1039 pertinent

40 1063 79 1127 ad
103 1082 173 1127 rem
197 1063 229 1127 et
250 1066 371 1146 tempus
393 1062 484 1144 paulo
504 1065 665 1146 posterius.
710 1065 827 1130 Deinde
843 1065 979 1146 epistola
996 1067 1111 1149 quartae

40 1170 241 1236 adhaeserunt
262 1167 407 1233 nonnulla
429 1176 461 1252 (ς
483 1171 503 1234 3
525 1171 633 1254 quod.
656 1171 715 1236 me¹
741 1171 785 1236 de
814 1171 990 1236 Antonio
1018 1190 1111 1236 con·

42 1278 149 1342 sniis
172 1294 267 1358 usque
290 1275 329 1339 ed
350 1275 469 1352 finem).
514 1277 671 1343 Postremo
691 1278 827 1360 epistolae
850 1279 974 1363 quintae,
997 1279 1028 1341 in
1051 1295 1112 1360 qua

42 1384 161 1449 Brutus
177 1380 331 1448 Ciceronis
354 1381 391 1446 de
406 1381 575 1446 Dolabellae
595 1383 627 1447 in
648 1383 723 1448 Asia
737 1384 902 1449 sceleribus
919 1386 951 1449 et
966 1385 1111 1449 Trebonii

45 1494 158 1554 morte
184 1489 332 1554 iudicium
373 1489 404 1552 et
443 1489 603 1554 consilium
642 1490 797 1571 simulque
837 1488 874 1554 de
897 1490 941 1554 'In
974 1489 1110 1554 Antonio

44 1599 203 1676 exspectat
235 1598 266 1660 et
298 1597 438 1677 exquirit,
471 1593 526 1659 fini
554 1595 747 1666 adhaeserunt
770 1597 863 1661 verba
884 1589 1010 1680 aliquot,
1042 1615 1110 1678 quae

46 1703 208 1767 manifesto
231 1719 290 1765 non
312 1700 412 1779 Bruti,
435 1701 487 1765 sed
511 1700 663 1766 Ciceronis
688 1703 782 1766 Bruto
804 1703 1016 1784 respondentis
1040 1706 1110 1767 sunt

48 1808 100 1881 (at
122 1809 160 1872 in
182 1805 315 1874 Asiam
343 1826 485 1872 censeo
507 1808 827 1890 persequendum
852 1813 934 1888 eet).
977 1807 1034 1873 His
1057 1808 1111 1874 dc·

48 1915 152 1979 tractis
174 1913 207 1977 in
228 1913 311 1978 hunc
332 1915 434 1998 ipsum
457 1915 556 1979 locum
580 1915 807 1996 transponenda
827 1920 899 1979 sunt
921 1918 1014 1981 verba
1031 1933 1112 1980 nunc

50 2017 135 2084 initio
165 2021 301 2102 epistolae
331 2021 433 2086 tertiae
462 2022 564 2103 posita
591 2013 638 2084 et'
654 2023 741 2085 Bruti
775 2020 908 2104 epistola
937 2022 982 2086 sic
1015 2022 1111 2086 eonti-

49 2127 183 2192 nuanda:
215 2128 297 2193 Hoc
328 2126 457 2210 magis
489 2127 605 2192 doleo
636 2127 772 2192 Asiam
802 2146 871 2192 nos
905 2127 1111 2203 amisisse,

50 2249 140 2315 qnam
169 2235 227 2299 sic
255 2233 384 2298 vexari
414 2252 433 2298 a
461 2231 831 2309 Dolabellaandio,
861 2233 904 2297 ut
932 2232 1007 2296 iam
1037 2250 1140 2297 non'

50 2338 224 2404 videatur
245 2339 576 2405 crudelissimum
592 2341 677 2404 eins
694 2336 1110 2403 lacinusinterlectic

52 2441 248 2510 Trebonii.
292 2446 408 2523 (Verba
436 2445 504 2510 sed
534 2464 607 2529 quo
636 2446 668 2509 in
698 2464 786 2510 snam
814 2445 944 2508 formam
970 2443 1110 2526 redigere

53 2567 107 2614 non
126 2560 275 2633 possum.)
312 2551 525 2617 Continuanda
539 2553 622 2627 dico;
645 2571 715 2616 narn
731 2551 823 2616 huius
839 2564 958 2634 qnoque
974 2549 1112 2631 epistolae

55 2652 118 2721 finis
140 2662 170 2722 et
191 2657 337 2739 proxima
366 2657 490 2723 initium
520 2658 614 2722 simili
635 2677 707 2722 casu
729 2658 895 2732 intercidit,
918 2660 1010 2739 atque
1032 2657 1112 2722 inter

56 2765 213 2828 secundam
236 2767 268 2828 ct
288 2765 416 2828 tertiam
436 2763 584 2829 accidisse
607 2764 677 2828 dixi.
721 2762 802 2828 Nam
821 2763 937 2830 amisso
952 2764 1025 2827 lolio
1040 2762 1111 2827 finis
1146 2781 1148 2786 ·

56 2869 184 2947 epistolae
208 2870 296 2935 Bruti
327 2869 486 2936 intercidit
517 2874 549 2934 et
580 2870 707 2935 initium
736 2869 892 2951 proximae,
924 2889 984 2953 qna
1006 2869 1111 2934 Cicero

57 2971 143 3043 Bruto
165 2979 376 3060 responderat.
423 2977 468 3041 Er
502 2977 561 3041 hac
591 2977 757 3058 supersunt
786 2976 852 3056 illa,
875 2996 943 3059 quoe
966 2996 1046 3041 nuno
1068 2979 1113 3040 le·

55 3083 160 3158 guntur
182 3084 213 3147 in
237 3103 284 3165 ep.
308 3085 329 3144 4
358 3086 389 3148 et
417 3086 449 3147 in
477 3081 537 3147 fine
567 3083 706 3164 epistolae
734 3082 824 3147 Bruti
847 3084 903 3160 (5).
947 3082 1000 3147 Sic
1029 3081 1127 3146 enimx

56 3182 113 3254 haec
132 3189 301 3254 cohaerent:
320 3189 428 3267 Quod
449 3208 506 3254 me
529 3189 573 3253 de
594 3189 770 3253 Antonio
792 3187 975 3252 consulis
997 3195 1058 3269 (ep.
1083 3188 1111 3264 5,

58 3289 95 3370 2),
115 3296 241 3377 quoad
266 3295 384 3361 Bruti
407 3295 557 3360 exitum
581 3295 853 3379 cognorimus,
876 3292 1113 3358 eustodien·
1180 3301 1185 3363 j

59 3395 136 3464 dnm
168 3403 273 3484 puto.
306 3401 359 3466 Ex
386 3403 438 3467 iis
471 3402 649 3479 litteris,
683 3420 780 3484 quas
812 3399 910 3465 mihi
938 3396 1113 3475 misisti,

58 3499 263 3572 Dolabella
283 3507 421 3573 Asiam
442 3526 585 3573 vexare
605 3506 774 3572 ¹videtur
795 3510 834 3572 et
855 3507 893 3571 in
917 3524 960 3570 ea
981 3524 1021 3571 se
1043 3524 1112 3588 ge·

59 3625 135 3677 rore
166 3613 397 3680 taeterrime.
435 3613 717 3695 Compluribus
746 3615 877 3696 autem
899 3611 1111 3694 scripsisti

62 3712 299 3785 Dolabellam
323 3739 342 3784 a
363 3720 533 3788 Rhodiis
555 3739 642 3784 esse
665 3718 885 3795 exclusum,
917 3718 1041 3800 quisi
1066 3717 1112 3782 ad

62 3815 224 3893 Rhodum
269 3825 463 3905 accessit,
506 3826 670 3892 videtur
705 3825 804 3890 mihi
839 3825 975 3890 Asiam
1011 3823 1112 3888 reli·

62 3930 194 4006 quisse.
232 3930 277 3996 Id
306 3932 338 3998 si
361 3933 419 3997 ita
440 3934 521 4008 est,
547 3932 647 3998 istic
674 3931 757 3997 tibi
777 3949 919 3997 ceuseo
942 3948 1112 3995 commo-

62 4038 226 4116 randum3
261 4039 323 4104 sin
357 4058 438 4104 eam
472 4037 597 4104 semel
630 4038 755 4121 cepit,
778 4037 875 4102 mihi
898 4036 1032 4114 erede,
1055 4033 1113 4074 *¹⁸
