2740 4572
1362 315 1363 346 l

236 459 435 525 cadebant
464 461 533 524 aut
561 458 711 524 laniati
736 457 936 523 volvendo
959 452 1317 535 stantasproximc

237 564 532 630 subvertebant
564 564 632 630 aut
654 565 764 628 certe
786 561 946 644 spiculo
966 558 1159 629 membris
1180 557 1315 622 infixa

237 671 425 738 viv-entes
458 670 585 736 adhuc
616 667 798 734 vellendi
829 668 985 750 peritos
1019 665 1310 751 quaeritabant.

237 775 386 842 Viventes
408 776 480 853 (hoc
501 777 557 854 ost,
581 774 657 852 vivi)
684 791 790 842 omnes
812 775 946 856 profecto
971 776 1069 851 orant
1092 770 1145 855 qui
1165 789 1313 838 comme-
1362 775 1363 862 ᾗ

237 883 395 946 morantur
427 881 535 959 saucii,
567 899 673 964 nequa,
697 878 863 946 verendum
898 879 974 956 arat
1008 897 1046 943 ue
1078 879 1147 961 quis
1178 878 1317 959 putarat·
1362 877 1363 952 ἶ

237 990 375 1053 mortuos
397 986 552 1070 quaesisse,
586 988 638 1070 qui
671 986 731 1051 sibi
763 985 970 1052 subvenirent
1026 984 1074 1050 Ne
1110 982 1310 1048 accusativus
1362 971 1363 1056 l

237 1092 362 1176 quidem
394 1091 569 1174 (spicula
601 1092 790 1158 memhris
822 1090 962 1167 infixa)
992 1093 1073 1158 recte
1102 1109 1171 1156 cum
1202 1086 1316 1154 verbis
1362 1081 1363 1144 ἕ

237 1194 422 1262 vellendi
444 1199 601 1278 peritos
622 1197 826 1280 coniungitur.
871 1194 1087 1263 Scribonium:
1111 1197 1177 1261 aut
1198 1195 1309 1260 certe
1362 1195 1363 1248 l

237 1304 395 1386 spicula
414 1302 606 1369 ¹membr-is
628 1301 758 1368 infixa
780 1301 936 1369 vellentes
964 1301 1091 1366 adhuc
1119 1299 1313 1366 vellendi

236 1410 393 1492 peritos
414 1409 699 1493 quaeritabaut.
1362 1394 1363 1422 ¹

278 263 340 326 258
636 259 696 316 Lib.
715 261 750 315 11.
771 259 836 330 (lap.
854 261 900 315 VI.

339 1548 417 1615 Ibid.
446 1551 476 1629 4,
506 1551 542 1613 8:
583 1549 725 1631 paucis
757 1547 1050 1629 intemperanti
1083 1550 1180 1611 astu
1213 1563 1312 1610 con·
1362 1595 1363 1662 q

238 1656 429 1738 sumptis,
464 1671 560 1738 quos
590 1652 815 1718 multitudo
845 1654 1036 1738 augebat,
1058 1651 1221 1717 tandem
1244 1652 1313 1715 oet

238 1761 366 1826 Prorsus
387 1759 518 1844 cogitari
540 1760 654 1842 nequit,
679 1759 831 1843 quomodo
855 1755 1024 1824 multitudo
1040 1775 1151 1842 angere
1167 1757 1315 1838 potuerit·

236 1865 377 1930 homines
414 1869 492 1930 aestu
525 1867 731 1947 consumptos.
790 1865 969 1942 Multitudo,
1006 1863 1064 1930 hoo
1100 1865 1157 1941 est,
1194 1861 1313 1946 vulgus

237 1970 377 2036 militum
398 1970 542 2055 augebat
564 1972 641 2036 aestu
662 1977 869 2054 consumptos,
892 1969 937 2050 ut
960 1970 1014 2054 qui
1035 1989 1068 2034 re
1089 1968 1311 2051 paucioesent,

238 2076 320 2142 fama
344 2076 631 2161 multiplicarentur.
1038 2077 1043 2080 ’

338 2215 418 2282 lbid.
443 2216 491 2295 10,
514 2218 550 2283 4:
576 2216 744 2303 Moxque
766 2217 899 2284 divini
920 2215 1097 2282 arbitrio
1118 2213 1309 2292 numinis,

236 2322 338 2407 quod
360 2323 472 2389 auxit
499 2323 546 2388 ab
574 2322 836 2389 incunabulis
859 2323 1016 2388 Romam
1043 2321 1308 2404 perpetuam-

235 2447 309 2510 que
342 2428 427 2494 fore
459 2427 685 2512 respoudit,
720 2427 808 2494 dum
830 2429 1041 2494 Tertullus
1062 2428 1165 2511 apud
1188 2427 1308 2492 Ostia

235 2534 274 2599 iu
296 2535 375 2599 aede
396 2534 611 2601 sacrificat
633 2535 861 2612 Gestorum,
884 2531 1179 2628 tranquillitas
1201 2551 1307 2597 mare
1362 2533 1363 2604 ζ

234 2639 418 2705 mollivit
438 2642 497 2706 cet.
552 2639 621 2706 Non
653 2640 819 2723 respondet
848 2640 905 2705 hoc
932 2657 1055 2718 numen,
1085 2639 1140 2704 sed
1161 2637 1306 2724 spondet

235 2746 459 2830 promittitque.
513 2747 623 2812 Errore
652 2747 809 2831 geminata
838 2748 886 2812 est
914 2743 1031 2829 syllaba
1052 2763 1091 2810 ro
1113 2745 1306 2828 verbumque

234 2853 503 2925 accommodatum
523 2851 673 2933 superiori
695 2853 823 2928 aunit;
845 2870 980 2934 praesens
996 2855 1117 2933 tempus
1140 2852 1212 2932 apte
1236 2850 1305 2934 sig-

235 2955 342 3021 nificat
363 2956 491 3021 eundem
514 2955 610 3022 otiam
631 2975 711 3022 nuno
732 2956 859 3022 deorum
883 2957 1017 3023 favorem
1038 2975 1115 3022 esse.

335 3107 401 3172 Lib.
424 3107 538 3186 XX‚5‚
555 3107 592 3172 6:
614 3108 710 3175 Post
731 3129 813 3193 qnae
835 3110 976 3192 opinor
996 3110 1113 3175 tanta
1136 3111 1175 3173 et
1196 3108 1304 3174 talia

234 3231 304 3279 nec
325 3214 618 3295 posteritatem
646 3215 867 3280 tacituram
894 3215 939 3280 de
968 3214 1122 3280 vestris
1152 3216 1191 3279 iu
1219 3232 1301 3279 rem

232 3319 433 3402 publicam
466 3319 627 3385 meritis
657 3339 730 3403 que
762 3321 953 3405 gentibus
976 3321 1135 3386 eunctis
1165 3318 1304 3402 plene,

232 3443 346 3508 quern
368 3427 518 3492 altiore
540 3425 714 3510 fastigio
737 3425 974 3492 maiestatis
997 3425 1193 3504 ornastis,
1217 3427 1303 3490 vir·
1362 3417 1363 3434 ¹

231 3532 321 3596 tute
342 3532 648 3616 gravitateque,
671 3534 704 3597 si
727 3533 822 3616 qnid
844 3532 1056 3598 adversum
1074 3531 1301 3615 ingruerit,

232 3634 476 3702 defendatis.
517 3636 568 3702 Sia
589 3636 710 3703 codices
731 3638 792 3704 fido
815 3638 910 3723 digni.
955 3637 1078 3703 Geleuii
1100 3637 1303 3721 interpolatio

233 3759 271 3806 ue
304 3743 434 3824 speciem
464 3744 588 3826 quidem
616 3745 757 3810 veritatis
779 3744 883 3810 habet·
931 3743 1004 3809 Loci
1036 3743 1146 3808 lacuna
1178 3743 1300 3826 aliquot

230 3848 393 3913 verborum
414 3848 503 3913 fracti
525 3849 591 3914 haec
615 3851 715 3915 fuerat
735 3850 807 3916 olim
830 3851 945 3916 forma:
961 3846 1062 3912 -do
1085 3850 1237 3913 vestris
1259 3851 1300 3914 iu

231 3953 539 4035 rempublicam
572 3957 749 4034 meritis,
783 3973 854 4042 quae
898 3957 1091 4041 gentibus
1135 3957 1297 4022 cunctis
1362 4013 1363 4016 ,

230 4056 461 4141 splen<dent3
483 4077 554 4124 uec
575 4059 731 4139 dubito,
748 4063 902 4144 quin‚>
921 4061 1054 4152 quem}
1068 4107 1074 4122 .
1088 4106 1095 4122 .
1111 4063 1299 4141 ornantis,
