2728 4582
492 1415 621 1492 Liber
651 1417 707 1492 11.

405 1598 645 1665 Emendationes
666 1599 796 1666 Latinae.

533 1764 620 1849 (lap.
642 1766 667 1831 1.

404 1919 543 1976 Ciceronis
561 1920 626 1976 libri
644 1919 783 1977 rhetorici.

161 2071 419 2139 Emendationum
442 2072 624 2139 Latinamm
645 2074 677 2138 et
698 2073 831 2156 primam
862 2075 894 2138 et
915 2074 1007 2156 longe
1029 2073 1133 2156 copio-

74 2177 218 2244 sissimam
240 2181 360 2263 partem
379 2179 502 2245 Marcus
517 2178 623 2246 Cicero
645 2178 705 2245 sibi
722 2177 901 2254 vindicabit,
917 2181 1002 2244 cuius
1016 2180 1133 2255 tamen,

24 2277 27 2351 ἶ
73 2286 116 2366 qui
146 2285 185 2352 ad
217 2284 445 2369 philosophiam
466 2284 630 2369 pertinent,
661 2285 757 2353 libros
781 2305 841 2351 non
864 2287 1072 2368 attingemus;
1095 2303 1131 2350 ex

24 2380 28 2465 ἓ
72 2392 112 2467 iis,
144 2393 197 2476 qui
229 2391 330 2457 artem
352 2391 518 2458 oratoriam
551 2396 705 2475 exponunt
727 2395 759 2458 et
780 2393 899 2466 docent,
922 2391 1067 2475 quoniam
1091 2389 1145 2475 ed

24 2488 28 2497 ’
72 2516 124 2572 eos,
147 2498 200 2582 qui
222 2499 342 2581 proprie
369 2497 595 2564 rhetoricorum
623 2518 734 2566 nomen
764 2500 881 2572 tenent,
909 2496 1002 2581 vulgo
1024 2497 1127 2561 autern
1199 2493 1202 2498 ’

73 2602 104 2666 de
135 2603 312 2671 inventione
348 2604 554 2688 appellantur,
591 2606 669 2672 nihil
706 2606 778 2672 novi
814 2604 980 2678 afferimus,
1017 2603 1127 2668 seriem

23 2738 27 2822 s
73 2707 173 2775 ducent
207 2711 272 2776 tres
305 2711 345 2778 de
367 2712 500 2779 oratore
532 2711 613 2792 beri,
649 2713 688 2778 ad
717 2732 797 2811 ¹quos
830 2710 1024 2796 expoliendos
1060 2729 1130 2776 cum

23 2829 25 2858 ²
73 2832 155 2898 prope
184 2817 361 2886 adolescens
383 2818 601 2884 Henrichsenii
622 2820 683 2885 mei
706 2819 810 2885 studia
832 2819 980 2886 adiuvans
1003 2836 1061 2881 non
1085 2816 1130 2880 ita

73 2937 157 2998 pauca
178 2922 389 3010 contulissem,
420 2926 527 3007 postea
554 2925 676 3007 parcius
698 2924 800 3018 attigi.
847 2926 908 2990 Eos
930 2923 1027 3008 igitur
1050 2923 1131 2986 tem-

23 3103 24 3110 *
73 3044 133 3106 pore
162 3029 326 3096 interiecto
359 3050 429 3096 cum
459 3033 555 3097 semel
585 3033 680 3116 atque
709 3034 824 3098 iterum
853 3029 983 3098 celerius
1005 3045 1129 3110 percur-

23 3119 25 3164 ²
74 3133 179 3210 desem,
213 3154 292 3200 anno
325 3136 388 3201 iere
423 3139 501 3200 1871
536 3140 685 3205 intentius
707 3138 906 3205 retractarem
928 3133 1129 3201 consideratis

23 3165 26 3330 j
74 3239 155 3306 stiam
187 3241 354 3326 diligenter
386 3243 498 3309 codicis
531 3245 733 3314 Abrincensis
762 3245 931 3327 scripturis,
965 3241 1019 3324 qui
1050 3257 1130 3303 unus

75 3347 269 3413 memorabilis
299 3368 356 3414 nec
378 3351 484 3414 tamen
508 3352 782 3432 praestautissimus
803 3346 1047 3416 instrumentum
1069 3343 1129 3410 cri·

24 3495 25 3528 f
74 3451 156 3519 ticum
184 3454 277 3530 auxit,
310 3454 384 3529 baec,
418 3474 486 3538 quae
507 3457 679 3537 subiicism
703 3458 786 3525 certa
808 3459 862 3522 aut
883 3453 1035 3537 probabili
1057 3470 1130 3518 con·

75 3557 176 3626 iectura
207 3580 265 3626 nec
298 3562 336 3626 ab
369 3562 440 3627 aliis
470 3564 619 3646 occupata
653 3565 795 3648 expedire
828 3563 903 3630 mibi
936 3560 1020 3626 visus
1050 3575 1127 3623 sum.

76 3661 265 3751 Quamquam,
290 3686 382 3750 quem
416 3669 551 3751 primum
581 3689 692 3754 ponam
726 3672 840 3752 locum,
874 3689 945 3735 eum
975 3685 1035 3733 non
1064 3667 1130 3730 tam

76 3770 151 3849 plane
183 3773 325 3857 expedire
357 3794 483 3857 possum
516 3795 619 3860 quam,
653 3778 804 3862 quomodo
837 3797 910 3844 uera
942 3775 1009 3840 eius
1031 3774 1131 3838 forma

77 3877 184 3945 turbata
206 3880 257 3958 sit,
280 3882 432 3961 indicare;
455 3902 528 3948 nam

161 3985 215 4052 lib.
245 3988 262 4052 Ι
292 3990 312 4068 ξ
345 3989 404 4052 146
438 4008 484 4072 sq.
517 3989 583 4055 baec
617 3991 777 4076 leguntur:
814 3991 918 4074 quod
950 3984 1129 4064 (artificium

78 4085 218 4158 rhetomm
256 4095 468 4162 observatione
502 4096 535 4161 et
564 4114 656 4177 opere
687 4097 889 4164 constitutum
913 4097 944 4161 et
966 4091 1133 4171 traditum)
1171 4141 1174 4148 .
