2740 4572
568 220 689 276 Tacitus.
993 204 997 210 Δ
1060 219 1100 282 22

79 418 353 503 significationem
376 416 560 500 detorqueri,
590 435 658 501 qnae
685 415 743 483 hoo
763 418 829 485 looo
849 418 1026 501 requiritur,
1049 419 1085 482 ut
1106 434 1163 500 pro

80 546 133 601 eo,
157 524 246 607 qnod
270 523 587 599 eminentiores,
610 522 739 589 dicatur.
787 522 934 590 (lerta'et
955 523 1038 591 isoili
1060 541 1161 588 emen·

80 631 219 696 datione
242 630 436 696 scribendum
460 632 524 696 est:
548 629 776 695 absentium
799 647 915 707 emeno,
945 628 1162 713 prasenti·

80 741 157 803 bns
186 738 371 803 mobiles.
422 735 602 802 Absortium
633 735 705 802 eaeei
736 735 895 818 aptissime
925 736 1077 811 dicuntur,
1107 736 1160 820 qni

81 864 122 908 ea
157 863 219 909 neo
252 843 358 908 vident
390 862 447 908 neo
478 844 595 923 entant
628 842 735 908 eadem
768 841 904 925 genetivi
935 842 1063 916 ratione,
1101 860 1162 924 qna

81 949 220 1015 Tacitus
257 947 446 1030 pavidum
482 949 769 1024 offensionum,
805 947 1003 1026 laborum,
1040 947 1159 1011 nandi

83 1056 217 1138 aliaque
241 1055 358 1120 similia
380 1053 469 1130 dixit,
484 1117 487 1122 ,
502 1055 616 1120 Seneca
648 1054 836 1121 timidum
868 1054 976 1120 lueis
998 1053 1163 1131 (Horatius

83 1161 310 1244 procella),
342 1161 540 1227 transitivum
561 1161 722 1226 adieetivis
743 1161 805 1224 vim
829 1159 1011 1226 tribuentes.
1056 1160 1160 1243 lpsnm

83 1286 217 1334 oaeous
249 1267 295 1332 sio
329 1286 397 1333 enm
432 1267 575 1351 genetivo
604 1267 729 1350 ponitur
756 1267 834 1349 apud
866 1267 1024 1332 Luoanum
1055 1265 1098 1342 ΙΙ,
1122 1267 1162 1328 14

83 1377 118 1437 et
142 1372 262 1438 Silium
284 1373 430 1438 italicum
455 1374 493 1452 ll,
517 1373 587 1438 206.
623 1373 691 1444 vllx
724 1390 844 1438 oaeoos
877 1375 1010 1455 primurn
1043 1371 1162 1439 laetum

82 1497 192 1544 aecos
215 1479 472 1562 antiquatum,
495 1485 561 1546 turu
585 1498 714 1561 aeqnos
736 1479 900 1544 communi.

193 1583 272 1648 lbid.
295 1575 352 1650 49:
383 1587 514 1671 lgitur
535 1589 726 1652 aoousata
747 1585 880 1668 (Papinii
904 1589 1014 1663 mater)
1037 1586 1074 1649 in
1098 1602 1162 1650 ee-

82 1694 204 1768 natu,
243 1710 477 1774 quamquam
513 1711 642 1775 genua
677 1695 834 1773 patrum
873 1693 1164 1758 advolveretur

84 1797 329 1887 laetumque
351 1817 593 1864 communem
618 1800 657 1862 ot
674 1797 1067 1883 mogieimbeoillnm
1084 1797 1162 1863 teli

85 1923 217 1984 snper
238 1922 330 1968 nasu
360 1907 597 1970 feminarum
625 1903 797 1970 animum
819 1907 980 1988 aliaque
1003 1907 1041 1971 in
1065 1925 1162 1969 eun·

87 2012 181 2074 dem
215 2008 393 2075 dolorem
427 2013 636 2076 maestaet
664 2011 895 2076 miseranda
924 2011 988 2076 diu
1017 2013 1162 2091 terret,

88 2117 191 2180 urbe
225 2119 356 2182 tamen
391 2116 429 2180 in
465 2117 595 2182 decem
628 2136 752 2182 annos
781 2117 990 2200 prohibita
1019 2121 1162 2181 estuat.

86 2221 203 2304 Neque
227 2222 298 2304 quid
319 2224 362 2288 eit
383 2223 422 2286 in
446 2225 620 2288 dolorem
645 2226 822 2298 maestus,
845 2223 1040 2306 intelligitur,
1064 2241 1164 2306 neque

87 2347 153 2410 quo
170 2325 322 2391 referetur
337 2329 367 2391 in
385 2327 498 2394 doloris
516 2330 663 2395 venabulo
685 2347 852 2410 pronomen
875 2328 994 2404 idem,
1018 2329 1162 2413 quoniam

88 2434 254 2514 praeeessit
274 2434 459 2500 seminarum
481 2437 574 2500 animi
597 2437 722 2508 mentio.
747 2452 844 2516 neque
866 2434 1072 2519 omninoque
1094 2455 1164 2518 per-

88 2541 195 2604 tineat
216 2540 266 2604 hio
289 2538 446 2605 doloris
468 2561 589 2607 nomen.
623 2542 778 2624 Scriptum
799 2541 916 2606 luerat:
939 2542 976 2607 in
998 2542 1162 2607 eundem

89 2645 244 2719 colorem.
278 2645 335 2712 boe
368 2650 425 2719 eet,
458 2649 489 2712 in
519 2648 645 2712 eandem
677 2650 797 2730 partem
827 2649 923 2713 etad
955 2649 1084 2714 eundem
1108 2668 1163 2713 an-

89 2751 246 2816 dientium
281 2756 312 2816 et
344 2752 547 2818 iudicantium
582 2755 723 2820 affectum
759 2757 954 2822 moventium.
1005 2755 1085 2820 Nem
1119 2755 1164 2820 eie

88 2859 216 2939 proprie
236 2856 295 2922 hae
316 2861 417 2936 aetate,
437 2859 570 2923 maxime
586 2861 666 2942 apud
684 2864 819 2929 oratores
835 2866 867 2928 et
882 2865 1029 2937 rhetores,
1054 2864 1165 2928 eolor

90 2964 325 3029 dioebatur‘tle
354 2983 390 3028 ea
418 2966 528 3046 speeie,
560 2984 628 3048 quae
657 2969 701 3032 rei
730 2968 761 3031 in
791 2969 939 3035 iudieium
963 2969 1102 3034 deductae
1124 2969 1163 3033 ad

91 3069 321 3136 exeusationem
343 3069 614 3154 detensionemque
643 3073 682 3137 ab
712 3092 762 3137 reo
792 3073 847 3136 aut
877 3077 1003 3153 patrono
1032 3075 1160 3139 induce-

94 3179 196 3242 batur.
248 3178 356 3259 ltaque
385 3175 499 3240 Seneca
522 3177 637 3242 Rhetor
659 3179 806 3258 perpetua
838 3179 1070 3251 consuetudine,
1103 3198 1164 3262 quo
1284 3177 1293 3185 ’

92 3282 225 3366 quisque
254 3284 388 3348 eolore
420 3283 451 3347 in
482 3282 691 3348 controversia
720 3281 823 3362 aliqua
852 3300 925 3346 usus
954 3285 1005 3357 sit,
1029 3287 1163 3364 exponit.

94 3388 160 3467 [Sio
182 3389 245 3452 iam
268 3389 457 3469 Aoidnlius.]
501 3389 561 3464 (De
584 3388 683 3451 verbis
706 3387 772 3451 diu
799 3385 928 3451 ferret
949 3389 1165 3455 dubitantibus

92 3496 255 3571 assentior,
279 3495 353 3560 uerti
377 3495 454 3560 nibil
475 3495 618 3578 reperio.)
1004 3539 1005 3544 κ
1237 3479 1242 3492 ’

196 3610 633 3689 lbid.ll1‚23(de(tellis):
667 3610 860 3674 Recentia
881 3608 976 3684 nea
999 3611 1105 3693 quid,
1130 3601 1172 3676 si'

94 3717 287 3783 memoria
318 3735 449 3783 eorum
480 3719 680 3792 oreretur,
709 3714 775 3796 qui
802 3712 1008 3793 Capitolio
1030 3720 1067 3779 et
1097 3737 1165 3781 ara

95 3825 268 3888 Romana
297 3824 478 3888 manibus
512 3820 725 3885 eorundem
755 3837 775 3900 p
805 3818 924 3894 (addita
948 3819 1026 3885 infra
1048 3821 1161 3887 lineola

93 3936 284 4007 transversa)
307 3949 348 3994 se
371 3926 506 3991 eatis?
543 3925 594 3988 Sic
616 3924 707 3989 eoder
728 3925 770 3986 M.
815 3923 850 3986 ln
873 3924 939 3988 loeo
961 3926 1071 4001 misere
1094 3947 1165 3993 eor.

93 4038 185 4118 rupto
208 4039 280 4101 ante
303 4033 405 4099 omnia
426 4031 593 4096 tenendum
617 4032 674 4106 est,
697 4030 727 4093 in
750 4027 926 4110 pronomine
947 4047 1080 4096 eorum
1103 4052 1168 4101 non
