2712 4576
466 273 604 328 Ciceronis
622 272 733 327 Brutus.
1039 273 1092 334 101

74 469 128 535 lere
146 471 445 545 controversia)
469 474 628 549 natura,
651 475 772 536 artem
795 471 834 536 et
856 471 1055 552 praecepta
1077 467 1137 535 Si·

74 577 177 642 culos
215 577 404 643 Coracem
441 579 480 643 et
515 578 666 643 Tisiam
703 575 1011 660 conscripsisse.
1077 574 1137 656 Qui

74 685 190 766 gentem
214 686 436 750 controversias
452 685 584 750 libenter
598 684 768 768 agitantem
785 683 895 748 Latino
910 683 1136 750 controversam

73 791 213 872 appellari
250 809 340 874 posse
376 789 531 869 defendat,
570 809 661 855 nemo
696 791 767 867 iam,
806 790 922 872 opinor,
957 793 1020 865 est;
1054 787 1135 872 quod

72 898 168 962 autem
203 897 358 962 lacobsius
392 897 690 963 controversiis
723 898 817 960 uata
848 893 940 961 scribi
962 895 1061 961 voluit
1081 914 1137 960 nec

72 1021 188 1083 paucos,
211 1005 263 1088 qui
285 1004 515 1080 assentirentur,
539 1003 657 1083 babuit,
674 1001 804 1068 mutatio
820 1001 909 1084 plene
924 999 1135 1082 improbabilis

74 1112 125 1183 est,
146 1111 279 1175 maxime
300 1112 331 1174 in
361 1109 656 1175 controversiis
680 1127 732 1191 pro
755 1105 1038 1174 controversia
1059 1106 1130 1170 sub·

71 1216 232 1296 diluendo,
264 1219 301 1280 ut
334 1216 475 1281 omittam
509 1215 558 1281 rix
586 1217 669 1279 recte
699 1214 912 1281 controversiis
934 1213 1041 1277 natum
1063 1229 1134 1275 eum

71 1321 134 1399 dici,
168 1324 219 1405 qui
249 1322 468 1388 controversias
497 1323 588 1386 emet.
643 1319 745 1388 Multo
767 1320 867 1387 lenius
889 1319 1031 1396 efficitur,
1055 1317 1135 1401 quod

71 1431 99 1492 et
119 1429 251 1494 orationi
281 1431 313 1492 et
339 1427 501 1494 sententiaa
523 1429 718 1510 aptissimum
740 1429 797 1504 sit;
832 1426 1025 1492 scribendum
1048 1423 1131 1489 enim

70 1534 131 1599 siue
153 1535 246 1600 dubio
269 1536 337 1599 est:
367 1533 470 1618 quod
499 1537 610 1599 esset
630 1536 749 1600 acuta
769 1534 844 1599 illa
864 1552 961 1617 gens
984 1536 1021 1596 et
1043 1549 1132 1596 cou-

71 1642 248 1706 troversa
269 1643 304 1707 in
325 1657 365 1706 ea
385 1640 468 1720 iura,
491 1641 616 1705 artem
641 1644 698 1705 cet.
733 1640 774 1704 lit
787 1639 945 1724 ingenium
962 1638 1132 1704 Siculorum

71 1747 98 1808 et
125 1745 193 1810 iura
221 1747 253 1810 in
282 1765 319 1812 ea
343 1749 434 1831 gente
457 1747 574 1812 incerta
596 1747 785 1812 occasionem
808 1746 929 1811 dedisse
951 1746 1027 1811 artis
1049 1761 1132 1827 quae·

70 1853 166 1916 reuda
194 1854 377 1920 Aristoteles
405 1853 534 1919 dixerat.
579 1853 679 1930 Quam
712 1851 801 1918 facile
833 1871 870 1917 ex
901 1852 941 1918 in
974 1870 1017 1917 ea
1048 1853 1134 1916 iura

70 1961 148 2024 nasci
169 1960 304 2043 potuerit
324 1961 484 2036 natura,
507 1959 643 2042 apparet

163 2065 243 2132 lbid.
267 2067 321 2129 73:
352 2068 390 2131 iu
425 2086 499 2149 qno
529 2069 669 2131 tantus
698 2082 809 2130 error
838 2065 952 2131 Accii
975 2065 1069 2141 luit,
1093 2064 1135 2128 ut

69 2169 127 2234 bis
159 2171 397 2239 consulibus
430 2173 493 2238 XL
523 2190 645 2237 annos
675 2172 794 2236 uatus
817 2170 969 2236 Ennius
991 2171 1133 2244 luerit;

68 2277 127 2340 eui
162 2278 195 2342 si
231 2280 400 2362 aequalis
434 2277 561 2344 fuerit
594 2279 749 2356 Livius,
784 2277 910 2342 minor
942 2275 1022 2341 luit
1054 2275 1132 2340 ali-

68 2385 212 2463 quanto
233 2385 283 2460 is,
307 2387 372 2468 qui
395 2386 547 2467 primus
574 2384 752 2449 fabulam
783 2380 913 2457 dedit,
945 2397 1058 2465 quam
1083 2380 1130 2456 ii,

68 2489 321 2570 qui··multas
357 2492 579 2558 docuerant
614 2494 705 2554 aute
745 2489 814 2554 bos
849 2488 1053 2563 consules,
1091 2487 1131 2551 et

68 2595 233 2663 Plautus
269 2600 308 2662 et
343 2597 514 2663 Naevius.
569 2595 759 2678 Simpliciter
791 2595 995 2667 scribendum,
1025 2612 1131 2677 quem·

67 2703 231 2770 admodum
260 2703 414 2769 sententia
441 2703 587 2787 postulat,
615 2701 689 2785 quid
719 2703 805 2784 pravi
828 2701 930 2785 posita
950 2702 1005 2768 ille
1027 2700 1131 2767 condi·

68 2810 148 2875 cioue
176 2816 332 2894 sequatur,
361 2809 541 2875 osteudens:
571 2810 634 2875 cui
657 2809 691 2872 si
713 2810 883 2892 aequalis
904 2809 969 2877 ruit
990 2809 1129 2875 Livius

68 2919 122 2980 cet.
165 2917 305 2981 Fuerit
326 2935 361 2981 es
382 2934 471 2981 versu
493 2916 679 3000 praecedenti
702 2934 800 2981 errore
822 2916 882 2982 huc
904 2916 1036 2999 irrepsit.
1129 2948 1133 2958 =

162 3041 241 3106 lbid.
264 3040 319 3104 79:
353 3040 387 3104 P.
414 3041 535 3106 etiam
566 3039 792 3122 Scipionem
825 3041 1028 3116 Nasicam,
1064 3038 1130 3120 qui

69 3147 126 3210 est
160 3146 370 3211 Corculum
407 3146 658 3229 appellatus,
703 3147 768 3230 qni
803 3146 902 3213 item
938 3146 1001 3212 bis
1039 3162 1130 3211 oon·

69 3252 125 3316 sul
154 3257 193 3318 'et
224 3271 365 3318 censor
394 3254 488 3325 fuit,
520 3252 702 3319 habitum
724 3253 980 3338 eloquentem
1002 3253 1129 3327 aiunt,

66 3357 198 3436 illius,
230 3357 295 3442 qui
326 3377 440 3425 sacra
462 3358 683 3443 acceperit,
709 3358 854 3425 filium.
904 3361 982 3424 Mire
1006 3362 1037 3423 et
1058 3376 1131 3438 per-

67 3483 147 3530 verse
169 3465 201 3529 in
224 3466 357 3530 notando
386 3467 450 3532 sine
480 3466 543 3530 ulla
572 3465 762 3531 dubitatione
793 3467 875 3530 certo
905 3463 1028 3531 homine
1058 3481 1130 3528 con·

66 3571 216 3637 iuuetivus
256 3572 393 3653 ponitur;
436 3574 539 3638 utrum
577 3573 702 3661 accepit
737 3593 776 3638 au
814 3573 989 3660 occeperat
1024 3571 1129 3638 Cicero

67 3679 228 3760 scripserit,
252 3678 385 3744 dubitari
406 3683 557 3762 potest.*)

115 3947 141 4013 *l
159 3947 192 4001 In
200 3947 330 4015 proximis
341 3947 424 4003 etiam
434 3950 543 4005 sublato
557 3951 686 4021 dicunt,
700 3951 781 4021 quod,
791 3969 851 4008 cum
865 3955 919 4008 aiu
927 3959 962 4006 nt
979 3954 1008 4007 in
1027 3950 1129 4004 alium

161 4039 339 4109 depravatum
358 4049 441 4111 esset,
460 4044 584 4100 additum
598 4062 658 4102 esse
671 4046 750 4102 multi
762 4046 958 4103 intellexerunt
971 4050 998 4100 et
1010 4043 1069 4112 ipse
1080 4057 1128 4109 po·

161 4133 231 4188 situs
244 4136 336 4203 arguit
354 4135 397 4204 (—
413 4139 659 4195 necessario'enim
677 4140 761 4217 verba
779 4141 879 4195 etiam
899 4137 928 4191 L.
948 4133 1130 4191 Lentulum
