2712 4576
293 269 334 333 ῃ
662 266 917 335 mumu
1342 212 1343 304 i

251 468 365 532 fesium
396 467 452 543 esi,
484 485 542 531 uec
569 465 671 530 miuus
700 465 847 546 ineptum,
875 461 956 545 quod
985 459 1076 527 rideo
1106 443 1343 526 substitutum*

252 570 488 650 auferenda3
522 589 622 653 neque
654 571 735 635 enim
768 569 948 634 auferuntur
982 575 1014 634 eb
1040 569 1072 634 iu
1102 566 1196 632 alium
1218 565 1320 630 locum

251 679 456 762 asportantur,
485 695 553 759 quse
583 675 775 743 adversarius
809 676 892 743 dixit.
952 675 1081 740 Videtur
1115 675 1242 739 subesse
1274 671 1320 736 iu·

252 783 419 858 vericudu‚
442 783 503 848 nisi
526 782 594 866 quis
617 802 652 848 ex
676 801 721 857 eo,
744 783 826 867 quod
847 782 880 847 iu
902 781 1021 848 duobus
1045 780 1203 846 codicibus
1220 779 1319 860 ¹Bem-

251 892 449 976 bergeusibus
488 889 622 954 Orellius
658 889 750 956 scribi
785 889 919 965 iudicet,
950 886 1177 964 efferenda,
1202 885 1322 950 efficere

252 997 371 1063 maruli
392 995 572 1064 evertenda
594 999 618 1076 [,
639 996 676 1060 ut
694 995 758 1060 ism
779 995 952 1081 Heusinger
973 994 1148 1077 suspicatus
1171 995 1244 1072 esb].

352 1126 431 1192 ibid.
454 1124 531 1188 289:
565 1123 709 1207 Ibeque
744 1125 982 1191 imbuendus
1011 1127 1072 1189 est
1097 1124 1149 1202 is,
1173 1121 1241 1205 qui
1264 1121 1321 1184 io·

253 1250 343 1298 cose
364 1231 476 1299 veleb
497 1231 649 1305 dicere,
671 1234 786 1314 quasi
808 1236 951 1298 natura
973 1231 1140 1315 quadum
1163 1230 1257 1311 epta
1279 1222 1320 1290 ad

253 1339 332 1404 haec
364 1356 510 1423 genera
543 1341 580 1402 et
614 1338 806 1422 moribus,
847 1341 889 1402 ub
928 1337 975 1404 ed
1012 1329 1320 1419 cuiusquemodi

252 1465 377 1529 genus
419 1443 590 1509 ridiculi
633 1446 772 1510 verres
820 1445 942 1510 etium
987 1441 1318 1510 accommodetur.

254 1550 355 1616 Mores
376 1550 473 1633 ipsius
496 1551 626 1616 oratoris
648 1551 688 1616 ad
710 1550 752 1629 id,
786 1550 825 1616 de
856 1570 916 1635 quc
938 1551 994 1616 hoc
1016 1549 1084 1615 loco
1107 1548 1221 1632 agitur,
1244 1543 1319 1609 nibil

253 1655 377 1721 omuino
411 1655 577 1736 pertinent,
609 1675 666 1723 nec
698 1657 834 1723 moribus
867 1656 970 1722 nescio
1002 1654 1113 1738 quibus
1135 1651 1344 1742 imbuendusr

252 1763 354 1826 orator
376 1761 496 1828 iocundi
518 1782 609 1829 causa
631 1766 713 1842 erat3
741 1765 849 1844 vultus
872 1763 954 1829 varie
976 1760 1118 1826 flectendi
1142 1757 1317 1826 exercitatio
1343 1751 1344 1821 Ι

254 1867 401 1950 capienda
430 1869 505 1946 erat,
538 1870 575 1933 ub
594 1869 750 1952 proximis
772 1871 874 1936 verbis
896 1870 963 1952 ipse
987 1869 1063 1934 dicit
1084 1867 1197 1932 Caessr.
1252 1867 1318 1948 Ipse
1343 1885 1344 1904 Ι

253 1969 557 2056 pluralis'numerus
592 1975 638 2041 sic
669 1976 749 2041 nude
778 1978 897 2062 positus
919 1976 989 2057 posi
1011 1973 1090 2039 illud
1113 1973 1231 2058 quasi
1254 1989 1320 2036 ns-

246 2085 343 2146 ·iuru
365 2081 534 2164 quadam
555 2082 626 2146 ferri
648 2084 763 2166 nequii.
815 2083 897 2148 Satis
921 2087 1040 2148 uerbum
1063 2085 1118 2168 est!
1132 2079 1216 2144 oris
1238 2096 1321 2143 meu·

253 2185 371 2251 tionem
404 2185 454 2251 hic
487 2189 620 2263 subesse,
643 2189 897 2273 scribendumque
925 2188 1048 2254 videtur
1076 2189 1114 2252 eb
1134 2189 1225 2253 mutu
1247 2183 1317 2252 cris.

253 2293 393 2358 Nemus
416 2293 593 2360 metibus
616 2297 698 2360 oris
720 2296 899 2369 scribamus,
928 2296 992 2378 ipse
1021 2292 1149 2376 pluralis
1175 2309 1322 2357 uumerus

253 2400 396 2465 deterret.

354 2539 522 2605 luisses:
545 2542 739 2608 faciliora
762 2544 885 2608 etism
908 2543 947 2606 in
968 2539 1206 2624 principiis,
1225 2538 1319 2622 quod

255 2647 294 2710 sb
315 2646 469 2710 abiendi
490 2650 571 2712 bum
595 2650 761 2712 maxime
784 2650 894 2726 suut,
917 2646 1320 2730 cumcmuiaexspec·

213 2823 218 2830 ¹
254 2755 361 2828 tunt,
404 2752 443 2816 et
485 2752 639 2819 dociles
681 2757 807 2839 magis
843 2754 983 2819 initiis
1020 2771 1108 2818 esse
1143 2758 1345 2835 possunt„

255 2858 349 2921 Recte
373 2856 549 2922 Elleudbius
571 2859 676 2932 sensit,
699 2860 839 2925 initiis
859 2859 969 2926 vitiose
992 2859 1063 2924 addi
1085 2866 1157 2941 post
1177 2859 1321 2942 principi·
1344 2887 1345 2944 3

254 2981 340 3027 crum
373 2980 565 3029 communem
598 2966 721 3049 uirique
752 2968 891 3032 membro
924 2985 1029 3032 vocem
1060 2965 1148 3032 initio
1170 2968 1345 3048 positemr

255 3067 308 3133 sed
343 3070 424 3152 quod
457 3070 638 3152 simpliciter
668 3073 851 3139 vccabulum
884 3072 954 3138 rolli
981 3073 1087 3147 voluit,
1111 3091 1220 3155 neque,
1244 3075 1319 3137 unde

255 3179 355 3240 crium
388 3175 437 3254 sib,
471 3176 665 3261 inbelligibur,
688 3182 719 3244 eb
752 3181 879 3263 apparet
907 3180 937 3244 in
961 3180 1020 3245 boc
1041 3198 1162 3262 quoque
1185 3181 1317 3244 membre

254 3282 343 3346 ubiu
366 3283 520 3365 superiore
542 3289 635 3362 (bum
659 3287 843 3365 maxime,
877 3305 962 3351 cum
996 3286 1126 3352 omniu
1157 3303 1316 3368 exspec-

255 3391 356 3466 taui)
389 3408 522 3469 causam,
553 3393 659 3456 curin
681 3391 830 3477 principio
854 3391 968 3458 dociles
991 3393 1054 3457 siut
1075 3391 1204 3468 iudices,
1228 3391 1319 3476 sigui-

256 3495 340 3559 ficcri
366 3495 515 3561 debuisse.
560 3497 730 3578 Scripserai
752 3498 870 3564 Cicero:
894 3501 933 3563 ei
955 3497 1113 3564 dociles
1138 3502 1266 3583 magis
1286 3501 1316 3566 iu

256 3601 346 3666 ueris
369 3601 421 3678 (iu
444 3601 637 3684 ignotisi)
659 3623 748 3670 esse
770 3607 950 3687 possunt.

356 3768 414 3844 ΙΙΙ,
437 3769 492 3832 79:
521 3771 741 3849 Haecvero,
764 3791 846 3855 quae
868 3771 1021 3836 suntin
1044 3771 1316 3854 philosophie,

254 3874 435 3959 ingeniis
464 3879 658 3940 eruuntur
686 3878 732 3943 ud
761 3878 817 3957 id,
851 3877 953 3960 quud
983 3877 1021 3942 iu
1053 3896 1209 3961 quoque
1237 3876 1316 3942 reri

256 3980 391 4046 simile
424 3985 502 4059 esi,
536 3981 782 4049 eliciendum
817 3984 949 4050 acutis
987 3985 1106 4067 atque
1142 3984 1316 4058 ceribus,

256 4104 379 4168 esque
413 4087 639 4151 exercitata
672 4091 856 4156 oratioue
888 4090 1109 4173 poliuntur.
1168 4091 1316 4156 Exercitu-
