2728 4582
275 251 314 313 56
642 250 703 306 nin.
722 251 743 307 n
764 249 830 319 cap.
848 247 894 302 rr.

233 450 340 512 contra
376 449 440 512 iure
476 448 635 514 Philoxeni
673 446 885 514 testimouium
929 447 1055 530 ponenti
1090 447 1124 510 in
1160 448 1300 510 mentem

232 553 384 632 veniebat,
415 553 551 619 dubitari
580 572 677 636 posse,
706 557 812 619 utrum
833 553 919 628 liber,
944 573 980 618 ex
997 573 1063 637 quo
1085 551 1303 618 testimouium

232 661 405 744 poneretur,
438 661 505 725 noli
537 660 622 725 illius
656 660 792 745 Cytherii
826 661 908 724 esset
930 679 968 724 au
991 658 1118 724 alterius
1140 657 1300 724 cuiusdam

235 765 401 843 Philoxeni,
427 767 572 849 quoniam
592 765 684 831 huius
708 785 829 849 quoque
852 766 986 831 exstaret
1010 766 1156 830 memoria
1178 784 1299 829 conser-

232 872 303 936 vata
325 873 418 936 etiam
440 874 470 938 iu
495 873 634 938 Platonis
657 871 768 941 fabule.
798 871 891 953 atque
919 871 956 935 de
979 890 1015 936 ea
1037 891 1068 936 re
1091 871 1222 937 lectores
1245 871 1302 936 ad·

232 977 376 1045 monendi
398 980 515 1044 occasio
539 981 615 1044 erat.
667 977 840 1058 scripserat
863 976 1044 1043 Atheuaeus:
1069 971 1250 1054 Φιλόξενος
1275 971 1307 1044 δ’
1353 1050 1357 1084 ,

232 1078 454 1168 ὀΚνθήριος
477 1091 514 1150 ἐν
535 1085 580 1172 τῷ
604 1089 864 1169 ἐπιγραφομένῳ
885 1079 1033 1171 Asinaeo,
1058 1088 1152 1171 εἴπερ
1175 1081 1303 1151 τούτου
1354 1130 1357 1140 ·

233 1190 286 1256 καί
309 1185 359 1274 μή
384 1191 445 1256 τοῦ
460 1191 656 1259 Λευκαδίου
673 1193 863 1266 Φιλοξένου,
879 1179 920 1256 οὗ
937 1193 989 1256 καί
1008 1184 1027 1255 o‘
1044 1191 1301 1275 κωμῳδιοποιός
1352 1191 1357 1266 ‚J

218 1291 381 1372 ,Πλάτων
416 1304 452 1364 ἐν
489 1298 533 1384 τῷ
572 1289 683 1363 Φάωνι
722 1291 895 1382 ἐμνήσθη,
931 1290 1095 1382 τοιαύτην
1126 1303 1304 1366 ἐκτίθεται
1352 1346 1353 1350 ,

233 1399 452 1494 παρασκευήν
487 1405 639 1470 δοιίινοο.
699 1405 766 1468 lam
798 1404 902 1470 omnia
934 1407 1020 1470 recta
1050 1406 1122 1470 sunt
1155 1407 1187 1470 et
1219 1412 1302 1489 apta.
1352 1413 1353 1416 ’

232 1511 362 1576 Librarii
391 1509 498 1576 oculus
529 1529 546 1574 a
573 1511 673 1591 priore
703 1510 759 1574 καί
781 1511 849 1592 (καὶ
871 1503 938 1594 μή)
960 1511 998 1574 ad
1021 1512 1151 1576 alterum
1175 1517 1246 1590 (καὶ
1271 1508 1301 1592 0‘)
1350 1583 1353 1599 ,

231 1617 399 1691 aberravit3
422 1617 527 1700 itaque
542 1617 635 1682 rerba
649 1615 810 1681 interiecta
824 1617 1038 1697 praetermisit3
1062 1617 1170 1684 deinde
1187 1622 1305 1686 omisso
1350 1603 1353 1674 ’ἶ

233 1711 272 1787 οὗ
294 1725 395 1788 coiere
417 1723 611 1810 incommodo
634 1723 700 1787 loco
722 1721 876 1804 supplevit
898 1724 953 1788 aut
973 1724 1075 1804 potius
1097 1726 1127 1788 in
1152 1730 1299 1810 margine,
1352 1775 1353 1780 η

232 1829 311 1893 unde
333 1830 363 1892 iu
387 1847 466 1908 eum,
490 1847 581 1911 quem
604 1847 684 1893 nunc
705 1831 821 1901 teuent,
844 1827 944 1893 locum
969 1831 1169 1911 irrepserunt.
1344 1809 1353 1957 ,i

333 1981 368 2044 Ρ.
382 1981 473 2048 liei.
505 1981 663 2046 Ponuntur
674 1979 832 2062 Sophoclis
843 1999 951 2046 versus
963 2001 999 2047 er
1014 1981 1168 2066 Thamyra
1186 1986 1304 2060 fabula,
1349 1968 1357 2054 3,

233 2087 343 2169 quibus
366 2087 470 2168 aperte
491 2085 674 2151 describitur
696 2077 786 2152 laetus
807 2087 841 2168 iu
861 2087 1000 2153 conuiuio
1020 2087 1298 2158 instrumentorum
1348 2058 1353 2117 Ι

232 2196 420 2265 musicorum
442 2192 588 2276 strepitus
611 2195 643 2256 ot
664 2212 773 2258 vocum
796 2182 1031 2277 sermonumque
1047 2213 1139 2260 sonus
1157 2186 1322 2263 sublatus
1350 2187 1357 2281 ,ἡ

233 2302 264 2366 et
295 2301 327 2364 in
360 2298 546 2365 contrarium
578 2302 731 2374 mutatus;
765 2299 819 2364 sed
847 2303 1038 2366 'sententiam
1071 2303 1239 2368 obscurant
1271 2308 1304 2368 et.

232 2408 373 2472 evertunt
395 2407 488 2471 verbe
510 2405 555 2470 sic
576 2405 702 2486 scripta:
939 2417 941 2420 ·
1345 2336 1353 2557 Ι

385 2547 512 2631 Οίχωκε
534 2541 599 2631 γοίρ
623 2541 768 2631 κροτητοί
792 2547 966 2632 πηκτίδων
986 2551 1085 2634 μέλη,
1356 2513 1357 2546 r

383 2646 466 2734 λύρα
488 2646 678 2735 μοναύλοις
696 2680 733 2718 τε
755 2676 963 2746 χειμιωνηοως
1347 2560 1353 2737 λ

383 2782 463 2830 ναος
486 2762 634 2841 στίρημα
658 2755 872 2845 κωμααοίσης.

334 2897 465 2963 Secundi
480 2917 585 2964 versus
605 2899 860 2980 emendationem,
884 2919 974 2983 quam
999 2901 1122 2966 facilem
1145 2904 1177 2966 et
1198 2905 1300 2968 mani·
1353 2917 1354 2954 l

232 3005 343 3068 sestam
374 3003 496 3069 subiicit
530 3008 685 3070 servatum
719 3008 859 3071 omnibus
892 3006 1007 3078 litteris
1040 3008 1238 3089 aptissimum
1262 3011 1299 3075 ad
1353 3009 1354 3058 1

233 3109 418 3174 senteutiam
447 3110 624 3176 adverbium
647 3117 735 3186 τέως,
766 3110 854 3176 video
890 3130 908 3175 a
937 3111 1074 3178 Nauckio
1103 3122 1296 3198 praeceptam.

233 3214 329 3280 Tertii
352 3233 457 3280 versus
479 3217 661 3283 emendandi
683 3219 766 3284 niam
797 3236 856 3290 uon
884 3218 985 3283 minus
1007 3224 1122 3285 certam
1146 3225 1303 3288 monstrat

232 3322 428 3404 participium
456 3317 668 3410 κομαοοίοης,
697 3322 778 3407 quod
807 3343 877 3389 curu
906 3325 1058 3390 sententia
1087 3329 1300 3410 comparatum
1354 3307 1357 3388 l

232 3430 314 3493 recta
336 3425 375 3492 ad
397 3427 428 3492 id
451 3447 573 3508 nomen,
596 3429 756 3512 quod'sub
777 3429 892 3495 litteris
914 3457 996 3506 ναος
1018 3432 1104 3500 latet.
1125 3435 1298 3514 quaerentes
1356 3435 1357 3454 ²

232 3533 366 3608 deducit,
400 3534 511 3600 deiude
544 3535 583 3600 ad
616 3535 743 3618 reliqua.
799 3537 895 3602 Totus
924 3539 1006 3602 enim
1035 3537 1192 3603 locossic
1221 3537 1300 3606 scri·
1354 3539 1356 3628 ᾗ

237 3640 356 3704 beudus
380 3641 441 3705 est:
1355 3639 1356 3646 ’

386 3769 515 3856 Οίχοικε
537 3765 602 3856 γιίρ
627 3766 772 3856 κροτητοί
796 3771 968 3856 πηκτίδων
989 3775 1076 3856 μέλη

382 3868 465 3958 λκίρα
487 3871 654 3960 μόναυλοι
679 3871 728 3952 θ’,
752 3873 803 3950 οἷς
825 3877 1003 3963 ἐχαίρομεν
1025 3884 1118 3954 cing,

384 3974 531 4054 δαιτός
553 4008 596 4048 τε
623 3984 737 4067 ῥῆμα
761 3978 975 4068 κωμασοίαης.
