2740 4572
262 241 323 305 228
631 240 745 295 nin-11.
766 240 830 310 cap.
849 241 882 296 v.

220 435 474 517 similitudinem
504 439 548 504 sio
577 437 659 504 eninr
683 437 830 519 seriptum
854 437 970 502 suerat:
1002 452 1130 518 neque
1150 433 1305 515 ali<ter

220 542 353 626 salv>a
374 563 414 609 ro
436 543 626 623 Romana,
648 562 761 628 quam
784 543 818 608 ei
840 561 939 608 unus
960 538 1184 623 imperitet.
1227 539 1303 604 lam
1356 558 1357 626 p

221 649 304 715 reete
328 648 523 733 signifieatur
544 648 692 716 oondioio.
747 647 864 714 Oculus
892 645 1010 712 librarii
1037 646 1076 712 ab
1103 644 1160 712 ali
1188 645 1302 711 trans·
1356 631 1357 648 ¹

220 754 308 822 siluit
329 756 369 821 ad
390 755 464 822 aln.
1006 800 1010 810 .

320 863 398 929 lbid.
423 863 476 941 VI,
500 863 535 924 2:
557 860 644 926 liaeo
664 861 861 926 adversus
884 856 1300 944 Togoniumfliberins)

220 967 356 1034 uerbis
395 967 604 1034 moderans
632 984 759 1050 neque
780 953 891 1032 ultra
911 965 1183 1032 abolitionem
1206 983 1301 1029 sen·
1357 990 1358 1048 l

220 1075 361 1140 tentiae
393 1075 595 1140 suaderet.
647 1072 740 1138 Varie
768 1070 941 1156 corrigunt;
974 1070 1157 1136 facillimum
1180 1073 1213 1135 et
1236 1087 1299 1151 ap·

220 1181 376 1248 tissimum
399 1184 463 1245 est:
491 1179 627 1245 verbis
648 1178 877 1254 moderans,
907 1195 949 1244 ne
971 1176 1048 1262 quill
1070 1177 1181 1243 ultra
1203 1177 1297 1242 abo-

221 1289 410 1355 litionem
432 1284 875 1352 sententiaersuaderet.

320 1392 468 1458 Ibid.14:
491 1391 540 1456 lit
560 1390 694 1456 Iulius
711 1391 854 1456 Celsus
873 1392 1065 1456 tribunus
1088 1390 1124 1454 in
1148 1388 1298 1454 vinulis
1358 1425 1359 1440 κ

222 1503 397 1566 laxatam
426 1498 608 1564 entonam
637 1497 994 1582 etloiroumdatam
1024 1497 1063 1560 in
1086 1495 1297 1560 divorsum

221 1591 392 1672 tendens
434 1622 544 1669 suam
585 1605 672 1684 ipse
708 1605 905 1668 oervioom
943 1602 1156 1687 perfregit.
1220 1600 1295 1664 Non

219 1714 361 1779 aunam
384 1711 493 1777 Celsus
523 1709 556 1774 in
586 1707 772 1774 eontrarium
806 1710 950 1788 tetendit,
983 1709 1040 1776 sed
1067 1708 1175 1774 eatena
1209 1708 1297 1773 eollo

222 1817 412 1884 oiroumdala
432 1816 499 1896 ipse
520 1815 552 1879 in
574 1815 759 1880 eontrariam
782 1816 901 1897 partem
926 1815 1060 1880 tetendit
1081 1813 1214 1879 obnisus
1231 1818 1292 1890 est,
1359 1852 1360 1892 r

219 1925 257 1987 nt
278 1926 393 1989 ostenae
416 1923 446 1985 vi
467 1919 570 1986 oervix
590 1920 791 2006 frangeretur.
836 1922 1037 1987 Soribendum
1055 1921 1151 2004 igitur
1166 1919 1296 1985 sublata
1359 1903 1360 1920 ἶ

220 2029 338 2102 littera,
368 2046 435 2111 quae
464 2044 558 2107 prave
587 2027 759 2109 eaepissinre
787 2026 936 2094 adbaeret:
966 2028 1077 2095 laxata
1105 2027 1223 2093 eatena
1252 2030 1296 2091 et

220 2132 433 2201 oiroumolata.
846 2145 848 2150 ·

322 2239 401 2306 ibid.
417 2240 475 2306 29':
498 2240 548 2304 At
571 2239 697 2306 Romae
719 2241 823 2305 oaede
845 2241 1038 2307 oontinua
1058 2238 1294 2322 Pomponius
1360 2287 1361 2330 3

221 2347 350 2414 Labeo
373 2393 381 2408 .
405 2391 412 2408 .
435 2391 443 2407 .
467 2391 474 2408 .
498 2364 566 2437 per
595 2345 790 2428 abruptae
818 2365 939 2412 venas
969 2347 1207 2430 sangninem
1230 2346 1293 2410 ef-

220 2453 346 2530 fudit,
384 2452 649 2534 amulataqne
690 2454 753 2518 est
791 2455 933 2518 ooninx
981 2452 1125 2517 Parma
1190 2451 1293 2516 Praue

221 2560 315 2628 oanis
336 2557 491 2626 continuae
512 2557 628 2624 mentio
653 2557 832 2644 adiungitur
854 2559 990 2626 ablativo
1013 2577 1086 2624 nasu
1108 2557 1294 2624 adverbum

222 2667 376 2732 effudit
408 2663 445 2728 de
475 2665 566 2728 nnius
587 2663 721 2730 hominis
744 2667 842 2730 morte
862 2665 1009 2747 positum,
1047 2665 1169 2730 etiamsi
1191 2664 1295 2730 uxoris

221 2772 454 2866 aemulationem
494 2770 661 2835 enarrando
696 2768 859 2853 eompleoti
887 2789 1003 2837 oonere.
1048 2770 1187 2854 Apparet
1208 2772 1294 2837 enim

222 2867 367 2957 Taoitum
402 2875 489 2958 gravi
527 2893 694 2956 pancorum
729 2877 891 2942 verborum
925 2876 1045 2943 exordio
1078 2877 1191 2943 seriem
1223 2896 1293 2943 eam

222 2983 384 3049 mortium.
403 2982 435 3046 et
466 2980 597 3046 asebium
628 2981 715 3046 brevi
744 2983 891 3066 temporis
919 2983 1018 3065 spatio
1046 2984 1294 3066 perpetratarum

221 3088 403 3174 significare,
427 3105 502 3170 quas
525 3087 633 3154 deinde
655 3087 839 3173 singillatim
862 3089 992 3165 iudieat3
1024 3090 1118 3174 atque
1146 3089 1186 3154 ad
1212 3090 1309 3157 bano·

220 3194 397 3280 generalem
410 3194 604 3272 sententiam,
618 3213 679 3260 non
697 3194 738 3260 ad
753 3195 843 3261 unios
859 3197 952 3261 oaedis
967 3196 1167 3272 mentionem,
1183 3199 1292 3278 aptum

220 3306 271 3368 est
292 3303 420 3368 Romae
443 3319 554 3367 nomen
578 3300 666 3366 initio
690 3303 834 3384 positum.
888 3304 998 3387 ltaque
1019 3303 1127 3384 opinor
1148 3302 1292 3369 Tacitum

221 3409 396 3492 scripsisse:
436 3408 487 3472 At
520 3409 646 3473 Romae
680 3408 785 3474 onies
818 3407 989 3476 oontinuae.
1049 3409 1291 3491 Pomponius

224 3516 352 3582 babeo
373 3518 431 3580 oet.
475 3513 604 3590 (Incidit
631 3513 662 3578 in
692 3532 799 3578 veram
829 3514 997 3603 Ernestiaa
1019 3515 1074 3580 sed
1096 3515 1156 3581 alia
1179 3516 1292 3601 effugia

222 3622 378 3698 tentarit.)

325 3737 403 3803 lbid.
426 3736 482 3798 36:
516 3739 638 3820 atque
670 3736 837 3802 interim
870 3756 987 3819 posse
1016 3738 1188 3804 Parthos
1221 3742 1290 3806 ab·

221 3845 400 3913 sentium
422 3860 569 3925 aequos,
600 3843 871 3933 presentibus
901 3842 1070 3911 mobiles
1098 3845 1145 3910 ed
1166 3846 1290 3928 paeni»

222 3953 395 4018 tentiam
417 3947 575 4012 mutari.
625 3949 733 4032 Neque
754 3949 952 4030 adieetivnm,
976 3949 1059 4033 quod
1081 3953 1288 4034 estepano,

224 4058 291 4123 ulla
317 4056 435 4121 rationo
467 4071 539 4118 oum
569 4056 711 4137 genetivo
740 4057 884 4140 coniungi
912 4057 1014 4138 potest
1041 4075 1141 4142 neque
1170 4059 1290 4125 ineam
