2712 4576
452 265 591 320 Ciceronis
609 265 755 320 orationes.
1035 265 1095 328 153

50 465 220 526 tantam
243 481 374 528 rernm
400 462 712 545 repugnantiam
739 482 813 531 non
842 463 982 528 videas
1012 481 1135 546 prorsus

50 566 224 632 inutiliter
244 567 371 633 additur
389 568 491 652 grauis
506 568 691 635 asseveratio
705 570 923 652 (profecto).
966 568 1002 633 ln
1017 568 1136 635 Halmii

51 675 255 740 correctione
278 694 401 758 prorsus
423 693 564 758 perverse
586 676 773 741 concurrunt
794 677 862 740 dun
883 673 1045 741 sententia
1064 693 1135 740 cau·

51 782 150 846 sales
164 782 270 846 eodem
286 784 461 864 spectantes
476 779 637 864 (qnia—
652 779 756 847 nihil
778 781 907 864 sapis,
929 781 1135 864 qui—non

51 887 231 965 videas).
270 887 376 954 Cicero
398 889 561 971 postquam
585 887 756 954 Antonium
778 889 913 954 audacias
935 887 1134 965 insimulavit,

52 1012 126 1057 non
149 995 251 1075 potest
273 1012 385 1077 negare
407 993 567 1060 andanem
588 993 668 1060 hanc
690 1013 765 1072 esse,
788 995 934 1061 sedeam
957 994 1136 1077 exceptione

53 1103 92 1164 et
120 1101 299 1166 condicione
321 1099 431 1177 dicere,
454 1101 479 1164 si
502 1100 630 1166 andacia
652 1101 717 1167 haec
738 1120 798 1167 non
819 1102 869 1179 sit,
886 1099 1054 1166 stultitiam
1068 1118 1135 1166 csse

54 1210 93 1270 et
121 1225 155 1271 ex
176 1207 235 1272 hac
257 1225 317 1271 una
338 1205 475 1273 stultitia
496 1206 640 1290 intelligi,
669 1227 761 1290 quam
785 1207 864 1273 nihil
888 1206 1011 1272 omnino
1035 1207 1136 1289 sapiat

56 1312 229 1377 Antonius.
253 1313 362 1395 ltaque
375 1312 419 1377 sic
431 1312 570 1396 scripsit:
583 1314 789 1396 <si>haec
811 1318 853 1379 tu
874 1333 948 1380 non
972 1317 1135 1396 propter

56 1419 275 1484 audaciam
298 1417 403 1484 dieis
424 1421 503 1484 tem
525 1420 799 1504 impudenter,
828 1419 896 1485 sed
927 1422 1018 1503 qnia
1047 1422 1135 1484 tan-

57 1528 146 1591 tam
168 1543 300 1590 rerum
322 1525 636 1609 repugnantiam
657 1544 730 1592 non
754 1525 909 1603 videas,
926 1522 1135 1608 nihilpro-

57 1633 173 1697 iectc
195 1631 315 1714 sapis.
368 1633 433 1695 lam
456 1632 573 1697 rectum
604 1631 828 1711 enuidens,
860 1633 933 1716 quia
964 1630 1135 1698 condicioni

57 1741 191 1804 incerte
215 1737 378 1804 subiicitur
400 1754 500 1803 cansa.
558 1738 681 1804 Excidit
713 1743 747 1804 si
778 1742 848 1821 post
881 1740 913 1803 ri
947 1739 1135 1816 (circum-

59 1845 223 1922 sedari).

167 1950 246 2016 lbid.
260 1950 317 2014 91:
341 1969 414 2032 quo
437 1950 595 2033 quidem
618 1952 727 2017 facto
749 1951 906 2017 tantam
929 1953 1135 2033 tecepisse

61 2056 200 2122 odium
238 2057 354 2140 regni
390 2056 623 2135 videbatur,
667 2061 709 2122 ut
747 2058 813 2123 eiu
848 2077 958 2123 omen
995 2077 1134 2123 nomen

60 2168 231 2245 propter
267 2162 483 2245 proximum
521 2162 742 2229 dictatoris
776 2165 922 2229 metum
952 2164 1134 2229 tolleres.

64 2271 118 2336 Sic
135 2270 205 2335 Vat.
232 2269 385 2335 Antonius
408 2287 463 2333 sua
485 2269 553 2352 lege
576 2267 761 2335 dictaturam
783 2268 943 2334 sustulisse
965 2268 1134 2347 ridebatur,

64 2378 149 2460 quod
171 2377 238 2443 eius
260 2378 385 2441 nomine
406 2376 506 2442 Caesur
527 2395 602 2441 usus
624 2379 708 2442 esset
725 2375 839 2458 aliique
856 2375 941 2440 usuri
958 2375 1136 2440 viderentur

64 2484 105 2549 ad
138 2503 267 2568 regnum
300 2483 517 2566 obtegendum.
572 2482 681 2565 Itaque
711 2502 771 2548 non
798 2502 927 2567 regnum
961 2482 1015 2547 aut
1047 2483 1144 2564 regni

63 2609 177 2656 nornen
199 2591 325 2674 propter
346 2588 503 2654 dictatoris
528 2590 655 2666 metum,
686 2589 740 2654 sed
762 2593 885 2672 propter
907 2589 992 2671 regni
1017 2589 1134 2652 metum

66 2698 223 2764 dictatura
245 2695 366 2760 sublata
389 2697 444 2760 est.
479 2694 627 2759 Nomen
650 2733 691 2744 -
712 2694 885 2761 tolleres
907 2698 976 2777 post
997 2692 1136 2776 superius

63 2802 145 2869 illud
166 2820 305 2868 nomeu
340 2837 380 2846 —
414 2799 630 2866 sustulisti
656 2801 889 2867 vitiosissimam
914 2801 1009 2867 habet
1033 2803 1136 2866 tauto·

64 2910 190 2994 logiam.
228 2907 412 2973 Ciceronem
434 2905 590 2991 scripsisse
613 2909 751 2990 suspicor
766 2907 805 2972 ad
820 2908 899 2974 hauc
912 2908 974 2974 lero
990 2909 1134 2975 formam:

64 3020 107 3082 ut
138 3017 225 3081 eius
253 3033 361 3080 omen
389 3014 609 3097 proximum
638 3013 858 3081 dictatoris
887 3018 1031 3080 metum
1054 3017 1136 3081 tol·
1197 3043 1199 3046 ·

64 3125 182 3188 leres.
217 3120 268 3184 Ad
290 3139 400 3186 omen
421 3121 544 3203 propter
559 3121 715 3203 superiora
730 3120 959 3196 (dictaturae
982 3130 1136 3198 nomen)

64 3230 236 3312 ascriptum
262 3229 310 3292 eet
331 3246 478 3292 nomen.
517 3227 593 3292 Cum
617 3246 676 3292 non
693 3227 919 3311 intelligeretur
934 3229 1135 3309 appositionis

64 3338 172 3414 forma,
190 3352 252 3418 qna
266 3335 299 3398 in
315 3331 473 3398 dictatoris
489 3335 574 3397 metu
589 3352 678 3398 omen
702 3333 790 3418 regni
812 3335 912 3400 inesse
934 3332 1136 3416 significatur,

65 3441 208 3508 additum
231 3442 280 3506 est
301 3441 466 3522 propter.

167 3546 306 3625 Ibidv,
330 3547 365 3610 i:
401 3546 525 3624 Quid?
560 3546 669 3610 Hanc
698 3547 828 3630 legem
863 3545 1034 3636 populus
1058 3545 1134 3611 Ro·
1177 3527 1181 3536 ¹

65 3653 401 3737 manusacoepit?
424 3650 549 3732 Quid?
572 3649 844 3733 Perauspicia
861 3651 1134 3734 terripotuit?

66 3759 141 3826 Sed
166 3759 561 3842 augurverecundns
584 3757 860 3841 sineeollegis
877 3756 1135 3839 deauspieiis.

66 3866 164 3931 Deest
184 3866 312 3931 verbum
335 3863 484 3942 (dicere
517 3883 592 3930 non
627 3863 749 3929 audet
783 3865 837 3929 aut
863 3863 965 3928 simile
994 3861 1133 3944 aliquid),

67 3975 208 4054 superest
228 3970 380 4054 particula
401 3971 603 4036 adversativa.
657 3972 773 4035 Verum
806 3971 837 4034 in
872 3971 929 4036 hac
960 3971 1027 4053 ipsu
1058 3969 1137 4032 latet

67 4079 132 4143 sine
156 4079 259 4156 dubio,
282 4077 364 4160 quod
394 4077 593 4159 requirimus:
623 4076 703 4142 Silet
729 4096 856 4161 augur
884 4073 1135 4142 verecundus

67 4205 89 4250 s.
115 4203 139 4250 a.
164 4185 208 4248 tle
231 4183 439 4266 auspiciis.
