2712 4576
428 213 568 272 Ciceronis
587 215 733 274 orationes.
1013 217 1072 280 121

153 410 225 476 Ibid.
241 414 295 478 17:
319 412 580 480 Dubitabitis
603 414 723 480 ctiam
749 413 923 492 diutius,
945 411 1114 490 iudices,

62 517 148 597 quin
173 562 300 583 .....
331 521 588 586 verissimum
617 520 689 599 sit,
718 519 832 586 aliud
858 519 1023 603 prabos
1052 521 1114 586 iu-

61 621 198 688 dicium
225 626 333 692 nihil
361 629 442 711 agi,
473 626 556 693 nisi
582 628 625 692 ut
653 626 696 690 M.
725 626 894 694 Fonteio
922 645 1114 709 oppresso

60 729 302 798 testimoniis
335 752 484 811 eorum,
518 733 662 816 quibus
695 731 823 798 multa
854 734 912 803 rei
941 734 1114 815 publicae

59 851 170 902 causa
207 837 480 906 invitissimis
519 839 720 921 imperata
754 840 862 915 sunt,
903 840 1113 923 segniores

58 942 217 1020 posthac
239 944 286 1009 ad
308 945 586 1029 imperandum
606 946 735 1012 ceteri
763 946 863 1024 sint,
893 963 976 1011 curn
998 944 1113 1012 vide·

58 1048 133 1112 atis
152 1069 214 1115 eos
237 1071 486 1136 oppugnare,
516 1052 663 1135 quibus
691 1052 833 1135 populi
854 1051 1020 1118 Romani
1041 1056 1113 1118 im·

57 1156 197 1232 perium
229 1157 432 1224 incolume
466 1177 553 1226 esse
585 1177 660 1224 nou
693 1158 850 1241 possit?
893 1158 943 1224 Sic
970 1159 1003 1223 in
1032 1158 1114 1222 anti-

57 1261 193 1340 quissimo
225 1263 327 1330 codice
357 1264 455 1342 (Vnt.)
488 1265 634 1332 scribitur
667 1266 802 1331 extrema
834 1266 921 1348 parte
954 1264 1114 1330 sententiae

57 1370 151 1448 aperte
171 1371 269 1438 i'rsetu
291 1375 323 1437 et
343 1390 471 1449 mancam
492 1371 524 1438 in
547 1370 651 1437 codice
667 1369 896 1453 salisburgensi
912 1369 1043 1453 aliisque
1058 1389 1112 1452 pro

56 1474 223 1542 videatis
245 1477 391 1544 scribitur
412 1477 595 1556 videant,
619 1478 729 1544 deinde
753 1477 996 1561 oppugnari,
1022 1477 1112 1559 qni-

55 1582 119 1647 bus
139 1585 345 1667 oppressis
360 1583 497 1666 populi
512 1583 678 1649 Romani
693 1583 1112 1666 imperiumincolume

57 1705 229 1756 essenon
260 1692 401 1774 possit.
454 1689 514 1770 Qui
536 1690 717 1772 diligentius
739 1689 778 1754 ad
801 1690 988 1754 sententiam
1010 1692 1112 1756 atten-

57 1793 135 1872 derit,
167 1797 258 1862 facile
291 1796 517 1864 animadvertet
545 1815 642 1881 neque
665 1815 715 1861 eos
738 1794 828 1873 solos,
851 1800 904 1880 qui
927 1799 1111 1882 oppugnent,

57 1902 198 1969 nominari
226 1904 336 1972 debere
366 1912 472 1987 (qnam
501 1905 665 1969 uerborum
697 1902 938 1985 supplendorum
963 1903 1113 1969 rationem

57 2004 233 2076 Niebuhrius
255 2013 379 2076 secutus
397 2011 446 2076 est
460 2011 498 2075 ab
515 2008 628 2075 Orellio
644 2010 792 2076 hactenns
809 2010 1113 2093 incomprehensus),

57 2131 143 2197 neque
165 2135 228 2194 eos,
251 2117 303 2200 qui
325 2119 538 2199 oppugnentur
560 2118 666 2199 (quam
688 2114 851 2198 supplendi
874 2118 955 2188 siam
979 2114 1114 2181 Orellius

56 2236 115 2284 cum
137 2222 292 2297 codicibus
315 2223 509 2288 inferioribus
530 2224 638 2306 tenet),
667 2222 722 2287 sed
749 2223 1006 2304 austrorumque
1029 2240 1110 2286 eom-

55 2328 202 2404 paratione
224 2331 256 2394 ot
277 2330 486 2406 coniunctione
508 2330 725 2412 argumentum
753 2329 832 2394 duci.
882 2329 1000 2411 Itaque,
1031 2329 1112 2410 quod

57 2435 139 2500 otiam
161 2435 302 2502 codicum
323 2437 354 2500 in
384 2455 614 2520 oppugnare
643 2437 676 2500 et
704 2434 930 2518 oppugnari
954 2433 1110 2499 dissensus

56 2543 157 2627 arguit,
179 2562 214 2608 ex
237 2543 304 2626 ipsa
324 2543 486 2608 verbomm
508 2543 539 2606 in
562 2544 692 2625 utroque
715 2560 829 2626 genere
850 2538 985 2606 uomodo
1000 2539 1111 2604 simili-

55 2646 153 2714 tudine
181 2654 273 2716 natus
306 2654 353 2716 est
385 2668 477 2728 error,
510 2666 582 2714 cum
603 2647 759 2713 sententia
780 2648 819 2714 ad
841 2647 920 2712 hauc
942 2648 1071 2713 formam
1094 2666 1113 2713 a

56 2750 189 2822 Cicerone
222 2758 390 2840 composita
421 2755 548 2822 fuisset:
586 2774 650 2819 eos
683 2772 929 2838 oppugnare,
965 2754 1112 2838 quibus

58 2862 366 2940 <vincentibns,
400 2881 464 2928 ecs
496 2861 626 2926 autem
657 2861 897 2946 oppugnari,
927 2862 1113 2945 quibus>

59 2970 257 3048 oppressis
286 2967 433 3052 populi
469 2969 633 3034 Romani
665 2968 875 3049 imperium
911 2968 1113 3034 incolume

59 3089 136 3137 esse
155 3074 230 3141 nun
252 3075 394 3157 possit.
443 3075 542 3140 Tenui
571 3093 607 3142 eu
636 3073 860 3156 Salisburgensi
888 3075 1113 3156 oppressis,

59 3180 131 3259 quod
160 3186 227 3247 tum
261 3182 453 3248 manifestior
485 3181 533 3248 est
548 3180 683 3257 librarii
714 3201 732 3246 a
764 3181 864 3262 priore
897 3181 1041 3264 quibus
1074 3181 1113 3246 ad

59 3285 178 3354 alterum
200 3289 367 3366 aberrati03
390 3288 542 3354 rhetorica
564 3287 712 3352 orationis
734 3286 832 3370 ligura
857 3286 1019 3370 perfectior
1041 3288 1108 3367 erit,

151 3593 291 3648 Ciceronis
311 3600 338 3648 et
357 3595 472 3648 aliorum
491 3607 556 3648 usus
569 3592 695 3660 requirit3
713 3608 777 3648 nom
790 3592 872 3648 aliter
886 3591 959 3662 apud
970 3592 1115 3648 Horatium

149 3687 181 3738 A.
205 3686 235 3740 P.
258 3685 291 3741 31
320 3685 409 3756 eulpae
437 3685 503 3756 iuga
529 3687 562 3740 in
589 3686 705 3741 vitium
734 3685 854 3740 ducere
882 3685 988 3753 dicitur,
1014 3685 1047 3740 de
1075 3677 1115 3740 rel

150 3779 253 3846 effectu,
276 3796 330 3834 non
357 3779 390 3834 de
410 3779 492 3834 animi
511 3779 611 3834 affectu
630 3784 657 3834 et
675 3794 777 3833 errore.
823 3777 966 3833 Facillime
993 3779 1025 3832 irr
1052 3783 1117 3848 post

149 3889 175 3925 m
198 3872 363 3926 intercidere
385 3879 503 3942 poterat.
548 3873 593 3941 [In
618 3871 677 3927 cod.
703 3871 820 3939 Cassae,
845 3888 859 3928 e
886 3888 939 3940 quo
962 3871 1115 3939 fragmenta

151 3965 274 4032 qrraedam
303 3965 484 4021 Ciceroniana
514 3965 651 4034 protraxit
682 3965 819 4032 Kleiuius,
852 3965 934 4019 scribi
965 3963 1044 4018 video
1080 3963 1116 4016 iu

150 4073 295 4114 errorem
313 4058 430 4126 indici,
450 4073 533 4128 supra
551 4058 560 4110 i
578 4059 670 4127 posito
689 4057 729 4128 rr]
