2712 4576
430 279 568 335 Ciceronis
586 279 732 336 orationes.
1013 279 1071 344 137

11 455 12 466 ¹
52 477 272 542 maioribus
308 477 467 543 nostris
502 477 600 554 fuit,
639 479 700 556 ut,
742 496 826 544 cum
862 478 901 544 in
936 477 1114 559 priuatis

51 583 164 648 rebus
181 584 509 650 ....tenuissimo
531 584 647 650 cultu
668 585 925 662 viverent‚in
942 585 1113 668 imperio
1244 659 1248 666 ,

10 671 11 754 l
51 692 166 772 atque
198 689 238 755 in
270 689 436 773 publica
469 688 677 774 dignitate
708 691 844 758 omnia
871 691 917 757 ed
939 690 1114 774 gloriam

51 795 388 879 splendoremque
420 799 672 864 revocarent.
720 795 802 877 Quid
835 796 876 863 sit
908 798 940 861 in
970 799 1115 864 extremis

52 902 145 968 uerbis
175 901 257 979 uitii,
278 901 368 970 facile
390 902 625 982 animaduertat,
656 904 710 987 qui
740 903 904 988 diligenter
934 903 1112 970 attenderit.

52 1007 153 1092 Neque
175 1009 256 1074 enirn
288 1008 319 1073 in
348 1008 501 1095 dignitate
531 1009 570 1074 de
597 1009 758 1092 splendore
788 1011 899 1094 egitur,
921 1007 1029 1074 sedin
1052 1009 1114 1074 im·

51 1115 129 1194 perio
151 1116 253 1200 agitur
274 1115 313 1180 de
335 1116 488 1201 dignitate
510 1118 543 1182 et
563 1115 734 1200 splendore.
778 1115 918 1189 Accedit,
937 1114 1019 1197 quod
1041 1135 1113 1199 pu·

52 1220 153 1287 blica
174 1221 358 1306 dignitas
380 1240 436 1305 pro
458 1224 517 1288 rei
540 1223 714 1307 publicae
743 1222 952 1307 dignitate
979 1223 1113 1288 insolen-

51 1329 162 1394 tissime
185 1328 307 1394 dicitur.
358 1329 535 1394 Admodum
564 1331 705 1412 suspicor
734 1327 912 1396 Ciceronem
937 1330 1114 1412 scripsisse:

9 1517 10 1522 ἵ
50 1434 83 1498 iu
103 1434 275 1518 imperio
297 1434 907 1520 atqnein<re>pubiica<ad>
920 1433 1114 1521 dignitatem

9 1547 10 1554 ’
51 1544 178 1606 omnia
199 1541 539 1626 splendoremque
560 1545 810 1609 revocarent.
861 1541 939 1608 (lum
960 1541 1006 1606 ad
1033 1557 1112 1623 prae·

7 2603 9 2696 l

7 2701 8 2712 ¹
49 2684 230 2751 ostendit
260 2687 401 2765 armis,
434 2704 548 2771 quam
581 2705 672 2752 caru
708 2685 769 2752 dis
804 2683 1113 2754 immortalibus
1203 2687 1212 2704 '

50 1646 158 1728 positio
178 1649 260 1714 inter
282 1667 301 1713 a
322 1651 353 1714 et
375 1649 395 1714 d
416 1648 633 1724 intercidisset,
658 1649 778 1733 reliqua
799 1648 889 1714 facile
907 1650 1016 1713 vitiata
1030 1648 1111 1712 eunt.

52 1754 148 1838 Longe
179 1754 294 1820 rectius
329 1754 464 1839 dignitas
496 1773 591 1838 quum
619 1757 715 1840 gloria
747 1774 818 1822 cum
848 1754 1008 1839 splendore
1037 1771 1112 1819 con·

49 1860 190 1946 iungitur.

143 2014 222 2080 lbid.
245 2015 303 2080 39:
337 2016 412 2080 Sed
441 2014 552 2082 eliud
584 2033 672 2080 esse
694 2033 822 2081 cuusae
844 2016 1113 2099 suspicemur,

50 2138 91 2184 re
112 2119 217 2187 forte
239 2121 315 2186 isti
336 2139 476 2204 parum
503 2113 662 2187 'verenti
693 2139 780 2186 esse
803 2120 1030 2186 videantur.
1074 2120 1111 2184 Io

50 2226 93 2302 iis,
115 2246 182 2310 quae
203 2226 495 2309 pr·aecedunt‚'nulla
515 2227 643 2292 minima
665 2230 713 2292 est
735 2245 834 2292 caursae
856 2225 1050 2310 significatio,
1072 2224 1112 2289 ad

51 2351 135 2413 quern
157 2334 310 2399 reseretur
329 2331 452 2399 aliud.
495 2334 628 2400 Rectum
649 2336 698 2399 est
719 2331 842 2417 aliquid
864 2378 872 2394 .
896 2376 903 2395 .
926 2348 1062 2397 censae.

143 2471 304 2540 lbiddll:
340 2494 440 2540 nunc
476 2493 568 2540 vcro
606 2473 677 2540 hoc
715 2474 861 2576 magis²
897 2472 1000 2557 qnod
1035 2470 1114 2536 illa

49 2596 138 2660 gens
154 2579 366 2682 (ludunum),¹
382 2580 478 2665 quid
500 2581 545 2646 de
566 2581 705 2646 nostro
727 2579 899 2662 imperio
922 2577 1111 2656 sentiret,

50 2795 169 2866 esset,
205 2793 358 2867 docuit.
395 2793 498 2876 quod
531 2796 594 2858 est
626 2793 750 2865 uicta,
790 2793 892 2876 quod
930 2792 1108 2865 elocuta,

49 2899 143 2978 quod
164 2899 337 2964 seruata.
391 2900 469 2964 Tam
498 2900 604 2982 aperte
634 2901 668 2964 et
695 2898 818 2984 elegans
848 2903 896 2966 est
924 2898 1058 2964 victoriae
1081 2901 1113 2964 et

49 3005 145 3085 gentis
168 3004 346 3088 perdomitae
367 3004 566 3088 amplificatio
587 3005 687 3073 tribus
707 3006 854 3072 membris
869 3005 1022 3088 anaphora
1038 3022 1112 3070 con·

48 3109 164 3185 iunctis,
196 3112 233 3177 ut
263 3111 359 3177 mirer
391 3129 429 3177 ne
460 3111 519 3178 hoc
554 3111 678 3195 quidem
711 3111 779 3178 loco
815 3111 996 3196 Kepoernm,
1034 3111 1113 3177 duce

47 3220 143 3283 tamen
158 3217 334 3301 Bernaysio‚
345 3237 470 3301 pravam
483 3218 570 3284 illam
583 3217 715 3295 delendi,
728 3235 795 3299 quoe
807 3215 947 3299 expedire
959 3217 1112 3300 nequiret,

48 3322 294 3390 consuetudinem
317 3323 475 3390 abiecisse.
528 3325 577 3389 Ad
613 3324 786 3390 litterarum
814 3321 946 3405 uestigia
976 3321 1112 3404 prorime

48 3429 169 3504 accedit,
185 3413 313 3496 orationi
329 3432 361 3495 et
375 3431 536 3496 sententiae
558 3429 711 3496 satisfacit
730 3426 797 3494 haec
818 3427 986 3510 scriptura:
1009 3428 1111 3512 quod

48 3539 104 3601 est
123 3536 250 3616 victa,
273 3535 374 3620 quod
402 3534 488 3603 lello
510 3536 618 3622 capta.
646 3534 751 3619 quod
779 3533 883 3602 seruit
904 3530 983 3610 (Nic.
1005 3533 1111 3618 Ange·

48 3642 118 3708 lius:
140 3644 243 3727 quod
264 3650 403 3718 servu).

141 3783 221 3850 Ibid.
236 3785 312 3849 104:
337 3782 490 3862 Quotus
513 3781 897 3866 enimqnisqueest‚
915 3777 981 3863 qui
994 3823 1109 3842 ......

51 3891 186 3972 optimi
215 3892 337 3974 utque
359 3887 607 3973 amplissimi
628 3886 823 3970 cuiusque
844 3885 1025 3953 hominis
1047 3887 1112 3951 ut·

51 4013 115 4076 que
148 3997 306 4062 ordinis
339 3993 619 4062 anctoritatem
652 3992 778 4079 magni
814 3995 948 4078 putet?
995 3992 1109 4059 Illam

53 4101 143 4168 riam
175 4103 251 4169 sibi
285 4099 420 4168 vident
453 4100 729 4184 expeditiorem
757 4101 801 4167 nd
823 4100 985 4166 honores
1007 4099 1045 4164 et
1067 4097 1113 4164 ad
