<?xml version="1.0" encoding="UTF-8"?>
<!DOCTYPE html PUBLIC "-//W3C//DTD XHTML 1.0 Transitional//EN"
    "http://www.w3.org/TR/xhtml1/DTD/xhtml1-transitional.dtd">
<html xmlns="http://www.w3.org/1999/xhtml" xml:lang="en" lang="en">
 <head>
  <title>
</title>
<meta http-equiv="Content-Type" content="text/html;charset=utf-8" />
  <meta name='ocr-system' content='tesseract 3.04.00' />
  <meta name='ocr-capabilities' content='ocr_page ocr_carea ocr_par ocr_line ocrx_word'/>
</head>
<body>
  <div class='ocr_page' id='page_1' title='image "./adversariacriti01madvgoog_0219.png"; bbox 0 0 2740 4572; ppageno 0'>
   <div class='ocr_carea' id='block_1_1' title="bbox 280 207 903 282">
    <p class='ocr_par' dir='ltr' id='par_1_1' title="bbox 280 207 903 282">
     <span class='ocr_line' id='line_1_1' title="bbox 280 207 903 282; baseline -0.006 -12"><span class='ocrx_word' id='word_1_1' title='bbox 280 207 341 273; x_wconf 64' lang='lat' dir='ltr'>m</span> <span class='ocrx_word' id='word_1_2' title='bbox 638 212 903 282; x_wconf 57' lang='lat' dir='ltr'>mmmm</span> 
     </span>
    </p>
   </div>
   <div class='ocr_carea' id='block_1_2' title="bbox 164 403 1354 1336">
    <p class='ocr_par' dir='ltr' id='par_1_2' title="bbox 238 403 1354 917">
     <span class='ocr_line' id='line_1_2' title="bbox 238 403 1354 490; baseline 0.007 -20"><span class='ocrx_word' id='word_1_3' title='bbox 238 425 306 470; x_wconf 88' lang='lat' dir='ltr'>meo</span> <span class='ocrx_word' id='word_1_4' title='bbox 330 406 563 473; x_wconf 73' lang='lat' dir='ltr'><strong>communicatae</strong></span> <span class='ocrx_word' id='word_1_5' title='bbox 586 413 617 474; x_wconf 89' lang='lat' dir='ltr'>et</span> <span class='ocrx_word' id='word_1_6' title='bbox 638 410 677 474; x_wconf 91' lang='lat' dir='ltr'>ab</span> <span class='ocrx_word' id='word_1_7' title='bbox 700 428 734 473; x_wconf 92' lang='lat' dir='ltr'>oo</span> <span class='ocrx_word' id='word_1_8' title='bbox 756 408 848 474; x_wconf 81' lang='lat' dir='ltr'>oditae</span> <span class='ocrx_word' id='word_1_9' title='bbox 869 410 988 488; x_wconf 79' lang='lat' dir='ltr'>essent,</span> <span class='ocrx_word' id='word_1_10' title='bbox 1004 429 1056 475; x_wconf 87' lang='lat' dir='ltr'>eos</span> <span class='ocrx_word' id='word_1_11' title='bbox 1078 409 1171 474; x_wconf 87' lang='lat' dir='ltr'>libros</span> <span class='ocrx_word' id='word_1_12' title='bbox 1193 409 1333 490; x_wconf 86' lang='lat' dir='ltr'>raptim</span> <span class='ocrx_word' id='word_1_13' title='bbox 1353 403 1354 478; x_wconf 63' lang='grc' dir='ltr'>ξ</span> 
     </span>
     <span class='ocr_line' id='line_1_3' title="bbox 238 513 1354 598; baseline 0.007 -22"><span class='ocrx_word' id='word_1_14' title='bbox 238 513 420 593; x_wconf 77' lang='lat' dir='ltr'>percucurri,</span> <span class='ocrx_word' id='word_1_15' title='bbox 444 516 487 592; x_wconf 89' lang='lat' dir='ltr'>ut,</span> <span class='ocrx_word' id='word_1_16' title='bbox 510 515 656 597; x_wconf 88' lang='lat' dir='ltr'>quantum</span> <span class='ocrx_word' id='word_1_17' title='bbox 682 515 753 580; x_wconf 86' lang='lat' dir='ltr'>nori</span> <span class='ocrx_word' id='word_1_18' title='bbox 782 515 885 580; x_wconf 81' lang='lat' dir='ltr'>auxilii</span> <span class='ocrx_word' id='word_1_19' title='bbox 914 514 1044 580; x_wconf 86' lang='lat' dir='ltr'>allatum</span> <span class='ocrx_word' id='word_1_20' title='bbox 1071 525 1162 592; x_wconf 83' lang='lat' dir='ltr'>esset,</span> <span class='ocrx_word' id='word_1_21' title='bbox 1193 513 1354 598; x_wconf 60' lang='lat' dir='ltr'>cogno-T</span> 
     </span>
     <span class='ocr_line' id='line_1_4' title="bbox 240 619 1354 712; baseline 0.004 -32"><span class='ocrx_word' id='word_1_22' title='bbox 240 636 366 696; x_wconf 87' lang='lat' dir='ltr'>sacrem,</span> <span class='ocrx_word' id='word_1_23' title='bbox 402 619 547 702; x_wconf 75' lang='lat' dir='ltr'>itemque,</span> <span class='ocrx_word' id='word_1_24' title='bbox 581 639 650 686; x_wconf 87' lang='lat' dir='ltr'>cum</span> <span class='ocrx_word' id='word_1_25' title='bbox 679 620 827 685; x_wconf 82' lang='lat' dir='ltr'>AEmilius</span> <span class='ocrx_word' id='word_1_26' title='bbox 855 622 985 686; x_wconf 88' lang='lat' dir='ltr'>Hermes</span> <span class='ocrx_word' id='word_1_27' title='bbox 1018 622 1050 684; x_wconf 92' lang='lat' dir='ltr'>iu</span> <span class='ocrx_word' id='word_1_28' title='bbox 1080 619 1354 712; x_wconf 75' lang='lat' dir='ltr'>Quaestiouibus,</span> 
     </span>
     <span class='ocr_line' id='line_1_5' title="bbox 239 721 1354 809; baseline 0.004 -23"><span class='ocrx_word' id='word_1_29' title='bbox 239 721 355 789; x_wconf 72' lang='lat' dir='ltr'>criticis</span> <span class='ocrx_word' id='word_1_30' title='bbox 391 725 423 789; x_wconf 92' lang='lat' dir='ltr'>iu</span> <span class='ocrx_word' id='word_1_31' title='bbox 459 725 582 792; x_wconf 85' lang='lat' dir='ltr'>Senecae</span> <span class='ocrx_word' id='word_1_32' title='bbox 617 726 815 809; x_wconf 86' lang='lat' dir='ltr'>epistolarum</span> <span class='ocrx_word' id='word_1_33' title='bbox 851 727 969 808; x_wconf 84' lang='lat' dir='ltr'>partem</span> <span class='ocrx_word' id='word_1_34' title='bbox 1007 725 1137 791; x_wconf 86' lang='lat' dir='ltr'>alteram</span> <span class='ocrx_word' id='word_1_35' title='bbox 1169 727 1354 792; x_wconf 53' lang='lat' dir='ltr'>codicum,</span> 
     </span>
     <span class='ocr_line' id='line_1_6' title="bbox 239 829 1330 917; baseline 0.005 -25"><span class='ocrx_word' id='word_1_36' title='bbox 239 829 549 913; x_wconf 82' lang='lat' dir='ltr'>Argentoratensium</span> <span class='ocrx_word' id='word_1_37' title='bbox 571 831 600 896; x_wconf 81' lang='lat' dir='ltr'><strong>A</strong></span> <span class='ocrx_word' id='word_1_38' title='bbox 623 833 654 898; x_wconf 88' lang='lat' dir='ltr'>et</span> <span class='ocrx_word' id='word_1_39' title='bbox 677 833 701 895; x_wconf 91' lang='lat' dir='ltr'>B</span> <span class='ocrx_word' id='word_1_40' title='bbox 732 834 897 915; x_wconf 84' lang='lat' dir='ltr'>scripturas</span> <span class='ocrx_word' id='word_1_41' title='bbox 920 833 952 896; x_wconf 92' lang='lat' dir='ltr'>in</span> <span class='ocrx_word' id='word_1_42' title='bbox 976 852 1023 915; x_wconf 87' lang='lat' dir='ltr'>op.</span> <span class='ocrx_word' id='word_1_43' title='bbox 1048 834 1087 895; x_wconf 83' lang='lat'>95</span> <span class='ocrx_word' id='word_1_44' title='bbox 1117 831 1330 917; x_wconf 74' lang='lat' dir='ltr'>diligentiae,</span> 
     </span>
    </p>

    <p class='ocr_par' dir='ltr' id='par_1_3' title="bbox 164 936 1354 1129">
     <span class='ocr_line' id='line_1_7' title="bbox 241 936 1354 1022; baseline 0.003 -23"><span class='ocrx_word' id='word_1_45' title='bbox 241 955 334 1019; x_wconf 90' lang='lat' dir='ltr'>quam</span> <span class='ocrx_word' id='word_1_46' title='bbox 348 937 441 1001; x_wconf 84' lang='lat' dir='ltr'>antea</span> <span class='ocrx_word' id='word_1_47' title='bbox 456 936 574 1002; x_wconf 85' lang='lat' dir='ltr'>laetum</span> <span class='ocrx_word' id='word_1_48' title='bbox 590 941 669 1014; x_wconf 87' lang='lat' dir='ltr'>erat,</span> <span class='ocrx_word' id='word_1_49' title='bbox 686 940 854 1016; x_wconf 87' lang='lat' dir='ltr'>enotasset,</span> <span class='ocrx_word' id='word_1_50' title='bbox 870 938 1040 1022; x_wconf 84' lang='lat' dir='ltr'>longiorem</span> <span class='ocrx_word' id='word_1_51' title='bbox 1053 939 1132 1003; x_wconf 89' lang='lat' dir='ltr'>hano</span> <span class='ocrx_word' id='word_1_52' title='bbox 1146 937 1331 1021; x_wconf 87' lang='lat' dir='ltr'>epistolam</span> <span class='ocrx_word' id='word_1_53' title='bbox 1353 1009 1354 1014; x_wconf 6' lang='grc' dir='ltr'>ἵ</span> 
     </span>
     <span class='ocr_line' id='line_1_8' title="bbox 164 1043 1328 1129; baseline 0.003 -24"><span class='ocrx_word' id='word_1_54' title='bbox 164 1119 168 1129; x_wconf 28' lang='lat'><strong>¹</strong></span> <span class='ocrx_word' id='word_1_55' title='bbox 241 1043 378 1108; x_wconf 82' lang='lat' dir='ltr'>studiose</span> <span class='ocrx_word' id='word_1_56' title='bbox 421 1045 597 1110; x_wconf 83' lang='lat' dir='ltr'>retractavi.</span> <span class='ocrx_word' id='word_1_57' title='bbox 663 1045 742 1108; x_wconf 88' lang='lat' dir='ltr'>Hinc</span> <span class='ocrx_word' id='word_1_58' title='bbox 781 1047 861 1109; x_wconf 79' lang='lat' dir='ltr'>nata</span> <span class='ocrx_word' id='word_1_59' title='bbox 897 1046 978 1120; x_wconf 86' lang='lat' dir='ltr'>suut,</span> <span class='ocrx_word' id='word_1_60' title='bbox 1023 1063 1099 1127; x_wconf 88' lang='lat' dir='ltr'>quas</span> <span class='ocrx_word' id='word_1_61' title='bbox 1137 1043 1328 1120; x_wconf 89' lang='lat' dir='ltr'>subiiciam,</span> 
     </span>
    </p>

    <p class='ocr_par' dir='ltr' id='par_1_4' title="bbox 241 1149 1354 1336">
     <span class='ocr_line' id='line_1_9' title="bbox 242 1149 1354 1248; baseline 0.002 -36"><span class='ocrx_word' id='word_1_62' title='bbox 242 1149 480 1226; x_wconf 84' lang='lat' dir='ltr'>emendationes,</span> <span class='ocrx_word' id='word_1_63' title='bbox 504 1149 621 1214; x_wconf 87' lang='lat' dir='ltr'>inillis</span> <span class='ocrx_word' id='word_1_64' title='bbox 644 1149 763 1215; x_wconf 90' lang='lat' dir='ltr'>duobus</span> <span class='ocrx_word' id='word_1_65' title='bbox 785 1151 939 1242; x_wconf 85' lang='lat' dir='ltr'>opusculis</span> <span class='ocrx_word' id='word_1_66' title='bbox 962 1149 1103 1235; x_wconf 76' lang='lat' dir='ltr'>singula,</span> <span class='ocrx_word' id='word_1_67' title='bbox 1124 1151 1155 1214; x_wconf 93' lang='lat' dir='ltr'>in</span> <span class='ocrx_word' id='word_1_68' title='bbox 1178 1149 1331 1232; x_wconf 86' lang='lat' dir='ltr'>epistola</span> <span class='ocrx_word' id='word_1_69' title='bbox 1353 1235 1354 1248; x_wconf 10' lang='grc' dir='ltr'>ἵ</span> 
     </span>
     <span class='ocr_line' id='line_1_10' title="bbox 241 1254 1354 1336; baseline 0.004 -19"><span class='ocrx_word' id='word_1_70' title='bbox 241 1254 332 1336; x_wconf 86' lang='lat' dir='ltr'>paulo</span> <span class='ocrx_word' id='word_1_71' title='bbox 353 1256 466 1336; x_wconf 86' lang='lat' dir='ltr'>plures.</span> <span class='ocrx_word' id='word_1_72' title='bbox 492 1275 494 1280; x_wconf 89' lang='lat'>·</span> <span class='ocrx_word' id='word_1_73' title='bbox 1353 1265 1354 1270; x_wconf 77' lang='grc'>’</span> 
     </span>
    </p>
   </div>
   <div class='ocr_carea' id='block_1_3' title="bbox 243 1356 1354 4102">
    <p class='ocr_par' dir='ltr' id='par_1_5' title="bbox 243 1356 1354 4102">
     <span class='ocr_line' id='line_1_11' title="bbox 342 1356 1354 1470; baseline 0 -34"><span class='ocrx_word' id='word_1_74' title='bbox 342 1372 389 1436; x_wconf 92' lang='lat' dir='ltr'>De</span> <span class='ocrx_word' id='word_1_75' title='bbox 411 1372 517 1437; x_wconf 83' lang='lat' dir='ltr'>Bonos.</span> <span class='ocrx_word' id='word_1_76' title='bbox 541 1374 565 1453; x_wconf 95' lang='lat' dir='ltr'>I,</span> <span class='ocrx_word' id='word_1_77' title='bbox 592 1375 639 1448; x_wconf 87' lang='lat'>10,</span> <span class='ocrx_word' id='word_1_78' title='bbox 662 1375 699 1438; x_wconf 81' lang='lat' dir='ltr'>b:</span> <span class='ocrx_word' id='word_1_79' title='bbox 722 1373 937 1457; x_wconf 83' lang='lat' dir='ltr'>Tamquam</span> <span class='ocrx_word' id='word_1_80' title='bbox 958 1356 1076 1438; x_wconf 87' lang='lat' dir='ltr'>lilios</span> <span class='ocrx_word' id='word_1_81' title='bbox 1098 1371 1225 1438; x_wconf 90' lang='lat' dir='ltr'>alicui</span> <span class='ocrx_word' id='word_1_82' title='bbox 1251 1391 1354 1470; x_wconf 62' lang='lat' dir='ltr'>¹⁰&#39;r</span> 
     </span>
     <span class='ocr_line' id='line_1_12' title="bbox 243 1468 1354 1563; baseline 0.002 -23"><span class='ocrx_word' id='word_1_83' title='bbox 243 1468 421 1544; x_wconf 87' lang='lat' dir='ltr'>stituere</span> <span class='ocrx_word' id='word_1_84' title='bbox 450 1482 590 1561; x_wconf 87' lang='lat' dir='ltr'>potero</span> <span class='ocrx_word' id='word_1_85' title='bbox 620 1498 760 1563; x_wconf 84' lang='lat' dir='ltr'>magno</span> <span class='ocrx_word' id='word_1_86' title='bbox 789 1471 1354 1561; x_wconf 45' lang='grc' dir='ltr'>0001001011101010001ηοἰ</span> 
     </span>
     <span class='ocr_line' id='line_1_13' title="bbox 244 1582 1354 1680; baseline -0.001 -32"><span class='ocrx_word' id='word_1_87' title='bbox 244 1582 327 1649; x_wconf 93' lang='lat' dir='ltr'>ullo</span> <span class='ocrx_word' id='word_1_88' title='bbox 349 1603 431 1649; x_wconf 89' lang='lat' dir='ltr'>meo</span> <span class='ocrx_word' id='word_1_89' title='bbox 452 1604 525 1649; x_wconf 91' lang='lat' dir='ltr'>non</span> <span class='ocrx_word' id='word_1_90' title='bbox 548 1585 751 1650; x_wconf 84' lang='lat' dir='ltr'>dubitabo.</span> <span class='ocrx_word' id='word_1_91' title='bbox 805 1585 879 1650; x_wconf 89' lang='lat' dir='ltr'>Haec</span> <span class='ocrx_word' id='word_1_92' title='bbox 911 1586 1013 1664; x_wconf 88' lang='lat' dir='ltr'>verba,</span> <span class='ocrx_word' id='word_1_93' title='bbox 1040 1603 1108 1669; x_wconf 80' lang='lat' dir='ltr'>qua</span> <span class='ocrx_word' id='word_1_94' title='bbox 1132 1584 1211 1649; x_wconf 86' lang='lat' dir='ltr'>Adv.</span> <span class='ocrx_word' id='word_1_95' title='bbox 1236 1583 1325 1650; x_wconf 87' lang='lat' dir='ltr'>Orit.</span> <span class='ocrx_word' id='word_1_96' title='bbox 1353 1639 1354 1680; x_wconf 60' lang='lat'>,</span> 
     </span>
     <span class='ocr_line' id='line_1_14' title="bbox 246 1689 1354 1782; baseline 0.002 -30"><span class='ocrx_word' id='word_1_97' title='bbox 246 1689 275 1752; x_wconf 97' lang='lat' dir='ltr'>ll</span> <span class='ocrx_word' id='word_1_98' title='bbox 298 1708 328 1770; x_wconf 88' lang='lat' dir='ltr'>p.</span> <span class='ocrx_word' id='word_1_99' title='bbox 350 1690 411 1752; x_wconf 80' lang='lat'>407</span> <span class='ocrx_word' id='word_1_100' title='bbox 437 1708 481 1772; x_wconf 87' lang='lat' dir='ltr'>sq.</span> <span class='ocrx_word' id='word_1_101' title='bbox 504 1690 549 1757; x_wconf 91' lang='lat' dir='ltr'>sic</span> <span class='ocrx_word' id='word_1_102' title='bbox 572 1692 711 1769; x_wconf 86' lang='lat' dir='ltr'>tractavi,</span> <span class='ocrx_word' id='word_1_103' title='bbox 733 1692 776 1756; x_wconf 87' lang='lat' dir='ltr'>-ut</span> <span class='ocrx_word' id='word_1_104' title='bbox 803 1709 841 1755; x_wconf 89' lang='lat' dir='ltr'>ne</span> <span class='ocrx_word' id='word_1_105' title='bbox 871 1690 948 1756; x_wconf 90' lang='lat' dir='ltr'>mihi</span> <span class='ocrx_word' id='word_1_106' title='bbox 978 1690 1104 1774; x_wconf 85' lang='lat' dir='ltr'>quidem</span> <span class='ocrx_word' id='word_1_107' title='bbox 1135 1689 1197 1773; x_wconf 83' lang='lat' dir='ltr'>ipsi</span> <span class='ocrx_word' id='word_1_108' title='bbox 1218 1690 1326 1756; x_wconf 89' lang='lat' dir='ltr'>satis·</span> <span class='ocrx_word' id='word_1_109' title='bbox 1353 1727 1354 1782; x_wconf 71' lang='lat'>1</span> 
     </span>
     <span class='ocr_line' id='line_1_15' title="bbox 245 1795 1354 1879; baseline 0.003 -22"><span class='ocrx_word' id='word_1_110' title='bbox 245 1796 388 1873; x_wconf 87' lang='lat' dir='ltr'>facerem,</span> <span class='ocrx_word' id='word_1_111' title='bbox 418 1815 510 1879; x_wconf 92' lang='lat' dir='ltr'>quam</span> <span class='ocrx_word' id='word_1_112' title='bbox 542 1797 704 1863; x_wconf 88' lang='lat' dir='ltr'>molestam</span> <span class='ocrx_word' id='word_1_113' title='bbox 736 1797 871 1862; x_wconf 78' lang='lat' dir='ltr'>habeant</span> <span class='ocrx_word' id='word_1_114' title='bbox 904 1795 936 1861; x_wconf 92' lang='lat' dir='ltr'>iu</span> <span class='ocrx_word' id='word_1_115' title='bbox 969 1815 1116 1863; x_wconf 87' lang='lat' dir='ltr'>concursu</span> <span class='ocrx_word' id='word_1_116' title='bbox 1147 1797 1323 1862; x_wconf 84' lang='lat' dir='ltr'>verborum</span> <span class='ocrx_word' id='word_1_117' title='bbox 1353 1823 1354 1874; x_wconf 66' lang='grc'><strong>1</strong></span> 
     </span>
     <span class='ocr_line' id='line_1_16' title="bbox 246 1902 1326 1984; baseline 0.001 -20"><span class='ocrx_word' id='word_1_118' title='bbox 246 1903 386 1982; x_wconf 87' lang='lat' dir='ltr'>potero</span> <span class='ocrx_word' id='word_1_119' title='bbox 418 1903 449 1966; x_wconf 88' lang='lat' dir='ltr'>et</span> <span class='ocrx_word' id='word_1_120' title='bbox 482 1920 554 1966; x_wconf 90' lang='lat' dir='ltr'>non</span> <span class='ocrx_word' id='word_1_121' title='bbox 588 1902 783 1969; x_wconf 82' lang='lat' dir='ltr'>dubitabo</span> <span class='ocrx_word' id='word_1_122' title='bbox 817 1903 965 1968; x_wconf 87' lang='lat' dir='ltr'>orationis</span> <span class='ocrx_word' id='word_1_123' title='bbox 998 1903 1139 1978; x_wconf 84' lang='lat' dir='ltr'>formam,</span> <span class='ocrx_word' id='word_1_124' title='bbox 1175 1903 1326 1984; x_wconf 87' lang='lat' dir='ltr'>apparet,</span> 
     </span>
     <span class='ocr_line' id='line_1_17' title="bbox 247 2007 1323 2094; baseline 0.001 -24"><span class='ocrx_word' id='word_1_125' title='bbox 247 2025 344 2090; x_wconf 84' lang='lat' dir='ltr'>nequo</span> <span class='ocrx_word' id='word_1_126' title='bbox 372 2008 399 2072; x_wconf 90' lang='grc'>01</span> <span class='ocrx_word' id='word_1_127' title='bbox 431 2007 606 2074; x_wconf 88' lang='lat' dir='ltr'>difficultati</span> <span class='ocrx_word' id='word_1_128' title='bbox 633 2008 877 2094; x_wconf 85' lang='lat' dir='ltr'>interpungendo</span> <span class='ocrx_word' id='word_1_129' title='bbox 907 2010 983 2074; x_wconf 85' lang='lat' dir='ltr'>satis</span> <span class='ocrx_word' id='word_1_130' title='bbox 1010 2008 1190 2074; x_wconf 82' lang='lat' dir='ltr'>subvenitur</span> <span class='ocrx_word' id='word_1_131' title='bbox 1211 2009 1323 2084; x_wconf 86' lang='lat' dir='ltr'>(sine</span> 
     </span>
     <span class='ocr_line' id='line_1_18' title="bbox 247 2107 1354 2199; baseline -0.001 -22"><span class='ocrx_word' id='word_1_132' title='bbox 247 2114 331 2178; x_wconf 91' lang='lat' dir='ltr'>ullo</span> <span class='ocrx_word' id='word_1_133' title='bbox 354 2133 452 2180; x_wconf 89' lang='lat' dir='ltr'>meo:</span> <span class='ocrx_word' id='word_1_134' title='bbox 476 2134 548 2179; x_wconf 92' lang='lat' dir='ltr'>uon</span> <span class='ocrx_word' id='word_1_135' title='bbox 572 2114 798 2194; x_wconf 88' lang='lat' dir='ltr'>dubitabo);</span> <span class='ocrx_word' id='word_1_136' title='bbox 821 2114 973 2199; x_wconf 88' lang='lat' dir='ltr'>itaqueiu</span> <span class='ocrx_word' id='word_1_137' title='bbox 991 2114 1174 2179; x_wconf 90' lang='lat' dir='ltr'>editionibus</span> <span class='ocrx_word' id='word_1_138' title='bbox 1190 2119 1325 2196; x_wconf 87' lang='lat' dir='ltr'>(praeter</span> <span class='ocrx_word' id='word_1_139' title='bbox 1353 2107 1354 2118; x_wconf 73' lang='grc'>’</span> 
     </span>
     <span class='ocr_line' id='line_1_19' title="bbox 248 2220 1354 2314; baseline -0.002 -28"><span class='ocrx_word' id='word_1_140' title='bbox 248 2220 457 2297; x_wconf 81' lang='lat' dir='ltr'>Gertzianam)</span> <span class='ocrx_word' id='word_1_141' title='bbox 478 2221 603 2286; x_wconf 84' lang='lat' dir='ltr'>additur</span> <span class='ocrx_word' id='word_1_142' title='bbox 626 2223 659 2286; x_wconf 89' lang='lat' dir='ltr'>si</span> <span class='ocrx_word' id='word_1_143' title='bbox 681 2222 908 2305; x_wconf 84' lang='lat' dir='ltr'>(Tamquam</span> <span class='ocrx_word' id='word_1_144' title='bbox 932 2223 966 2286; x_wconf 88' lang='lat' dir='ltr'>si</span> <span class='ocrx_word' id='word_1_145' title='bbox 994 2220 1110 2284; x_wconf 88' lang='lat' dir='ltr'>filios</span> <span class='ocrx_word' id='word_1_146' title='bbox 1133 2266 1140 2281; x_wconf 89' lang='lat'>.</span> <span class='ocrx_word' id='word_1_147' title='bbox 1165 2267 1171 2281; x_wconf 92' lang='lat'>.</span> <span class='ocrx_word' id='word_1_148' title='bbox 1196 2265 1203 2281; x_wconf 89' lang='lat'><strong>.</strong></span> <span class='ocrx_word' id='word_1_149' title='bbox 1226 2223 1323 2284; x_wconf 88' lang='lat' dir='ltr'>siue</span> <span class='ocrx_word' id='word_1_150' title='bbox 1353 2291 1354 2314; x_wconf 15' lang='grc' dir='ltr'><strong>ᾖ</strong></span> 
     </span>
     <span class='ocr_line' id='line_1_20' title="bbox 248 2325 1324 2410; baseline 0 -20"><span class='ocrx_word' id='word_1_151' title='bbox 248 2326 331 2392; x_wconf 93' lang='lat' dir='ltr'>ullo</span> <span class='ocrx_word' id='word_1_152' title='bbox 364 2345 463 2407; x_wconf 89' lang='lat' dir='ltr'>mco,</span> <span class='ocrx_word' id='word_1_153' title='bbox 498 2346 570 2392; x_wconf 88' lang='lat' dir='ltr'>nou</span> <span class='ocrx_word' id='word_1_154' title='bbox 604 2327 822 2405; x_wconf 87' lang='lat' dir='ltr'>dubitabo).</span> <span class='ocrx_word' id='word_1_155' title='bbox 878 2327 938 2391; x_wconf 87' lang='lat' dir='ltr'>Sed</span> <span class='ocrx_word' id='word_1_156' title='bbox 967 2325 1060 2410; x_wconf 85' lang='lat' dir='ltr'>longe</span> <span class='ocrx_word' id='word_1_157' title='bbox 1082 2325 1221 2410; x_wconf 81' lang='lat' dir='ltr'>graviora</span> <span class='ocrx_word' id='word_1_158' title='bbox 1243 2327 1324 2390; x_wconf 87' lang='lat' dir='ltr'>suut</span> 
     </span>
     <span class='ocr_line' id='line_1_21' title="bbox 249 2430 1323 2518; baseline -0.003 -20"><span class='ocrx_word' id='word_1_159' title='bbox 249 2434 408 2498; x_wconf 87' lang='lat' dir='ltr'>sententiae</span> <span class='ocrx_word' id='word_1_160' title='bbox 429 2433 523 2510; x_wconf 82' lang='lat' dir='ltr'>ritia3</span> <span class='ocrx_word' id='word_1_161' title='bbox 552 2453 624 2498; x_wconf 89' lang='lat' dir='ltr'>nam</span> <span class='ocrx_word' id='word_1_162' title='bbox 653 2434 735 2518; x_wconf 91' lang='lat' dir='ltr'>quid,</span> <span class='ocrx_word' id='word_1_163' title='bbox 759 2433 1038 2516; x_wconf 70' lang='lat' dir='ltr'>quassandarum,</span> <span class='ocrx_word' id='word_1_164' title='bbox 1062 2430 1100 2495; x_wconf 91' lang='lat' dir='ltr'>de</span> <span class='ocrx_word' id='word_1_165' title='bbox 1122 2451 1180 2514; x_wconf 87' lang='lat' dir='ltr'>quo</span> <span class='ocrx_word' id='word_1_166' title='bbox 1202 2431 1323 2496; x_wconf 74' lang='lat' dir='ltr'>Senem</span> 
     </span>
     <span class='ocr_line' id='line_1_22' title="bbox 249 2537 1354 2621; baseline -0.004 -17"><span class='ocrx_word' id='word_1_167' title='bbox 249 2557 305 2619; x_wconf 87' lang='lat' dir='ltr'>per</span> <span class='ocrx_word' id='word_1_168' title='bbox 325 2540 426 2604; x_wconf 87' lang='lat' dir='ltr'>totum</span> <span class='ocrx_word' id='word_1_169' title='bbox 448 2539 528 2604; x_wconf 89' lang='lat' dir='ltr'>huuc</span> <span class='ocrx_word' id='word_1_170' title='bbox 559 2540 660 2604; x_wconf 88' lang='lat' dir='ltr'>locum</span> <span class='ocrx_word' id='word_1_171' title='bbox 690 2539 837 2621; x_wconf 85' lang='lat' dir='ltr'>disputat,</span> <span class='ocrx_word' id='word_1_172' title='bbox 867 2539 1082 2604; x_wconf 87' lang='lat' dir='ltr'>beneficiorum</span> <span class='ocrx_word' id='word_1_173' title='bbox 1107 2537 1261 2602; x_wconf 85' lang='lat' dir='ltr'>delectum</span> <span class='ocrx_word' id='word_1_174' title='bbox 1289 2541 1322 2601; x_wconf 91' lang='lat' dir='ltr'>ct</span> <span class='ocrx_word' id='word_1_175' title='bbox 1353 2543 1354 2612; x_wconf 69' lang='lat'>,</span> 
     </span>
     <span class='ocr_line' id='line_1_23' title="bbox 249 2627 1354 2732; baseline 0 -24"><span class='ocrx_word' id='word_1_176' title='bbox 249 2662 320 2708; x_wconf 91' lang='lat' dir='ltr'>cum</span> <span class='ocrx_word' id='word_1_177' title='bbox 343 2645 511 2710; x_wconf 89' lang='lat' dir='ltr'>officiorum</span> <span class='ocrx_word' id='word_1_178' title='bbox 536 2647 776 2727; x_wconf 86' lang='lat' dir='ltr'>meritorumque</span> <span class='ocrx_word' id='word_1_179' title='bbox 806 2664 842 2710; x_wconf 88' lang='lat' dir='ltr'>ac</span> <span class='ocrx_word' id='word_1_180' title='bbox 871 2644 1033 2732; x_wconf 83' lang='lat' dir='ltr'>dignitatis</span> <span class='ocrx_word' id='word_1_181' title='bbox 1064 2644 1212 2708; x_wconf 86' lang='lat' dir='ltr'>varietate</span> <span class='ocrx_word' id='word_1_182' title='bbox 1233 2663 1321 2708; x_wconf 89' lang='lat' dir='ltr'>com·</span> <span class='ocrx_word' id='word_1_183' title='bbox 1353 2627 1354 2698; x_wconf 74' lang='lat' dir='ltr'>l</span> 
     </span>
     <span class='ocr_line' id='line_1_24' title="bbox 251 2748 1323 2834; baseline -0.003 -20"><span class='ocrx_word' id='word_1_184' title='bbox 251 2753 441 2831; x_wconf 87' lang='lat' dir='ltr'>parationem</span> <span class='ocrx_word' id='word_1_185' title='bbox 463 2750 607 2830; x_wconf 83' lang='lat' dir='ltr'>pertinet,</span> <span class='ocrx_word' id='word_1_186' title='bbox 630 2751 711 2834; x_wconf 91' lang='lat' dir='ltr'>quod</span> <span class='ocrx_word' id='word_1_187' title='bbox 733 2753 828 2834; x_wconf 83' lang='lat' dir='ltr'>negat</span> <span class='ocrx_word' id='word_1_188' title='bbox 849 2770 882 2816; x_wconf 87' lang='lat' dir='ltr'>se</span> <span class='ocrx_word' id='word_1_189' title='bbox 902 2751 1116 2815; x_wconf 88' lang='lat' dir='ltr'>dubitaturum</span> <span class='ocrx_word' id='word_1_190' title='bbox 1126 2748 1212 2822; x_wconf 67' lang='lat' dir='ltr'>vlilios</span> <span class='ocrx_word' id='word_1_191' title='bbox 1226 2749 1323 2814; x_wconf 88' lang='lat' dir='ltr'>alicui</span> 
     </span>
     <span class='ocr_line' id='line_1_25' title="bbox 253 2855 1320 2938; baseline -0.001 -19"><span class='ocrx_word' id='word_1_192' title='bbox 253 2873 365 2938; x_wconf 84' lang='lat' dir='ltr'>magno</span> <span class='ocrx_word' id='word_1_193' title='bbox 389 2855 525 2937; x_wconf 84' lang='lat' dir='ltr'>periculo</span> <span class='ocrx_word' id='word_1_194' title='bbox 554 2857 700 2921; x_wconf 87' lang='lat' dir='ltr'>liberatos</span> <span class='ocrx_word' id='word_1_195' title='bbox 729 2858 795 2922; x_wconf 88' lang='lat' dir='ltr'>siue</span> <span class='ocrx_word' id='word_1_196' title='bbox 825 2856 889 2921; x_wconf 92' lang='lat' dir='ltr'>ullo</span> <span class='ocrx_word' id='word_1_197' title='bbox 911 2874 966 2921; x_wconf 88' lang='lat' dir='ltr'>sao</span> <span class='ocrx_word' id='word_1_198' title='bbox 987 2855 1124 2937; x_wconf 87' lang='lat' dir='ltr'>periculo</span> <span class='ocrx_word' id='word_1_199' title='bbox 1146 2857 1320 2932; x_wconf 88' lang='lat' dir='ltr'>restituere,</span> 
     </span>
     <span class='ocr_line' id='line_1_26' title="bbox 253 2945 1354 3046; baseline 0.001 -23"><span class='ocrx_word' id='word_1_200' title='bbox 253 2962 310 3024; x_wconf 88' lang='lat' dir='ltr'>hoc</span> <span class='ocrx_word' id='word_1_201' title='bbox 343 2965 399 3039; x_wconf 85' lang='lat' dir='ltr'>est,</span> <span class='ocrx_word' id='word_1_202' title='bbox 433 2959 532 3026; x_wconf 86' lang='lat' dir='ltr'>scelus</span> <span class='ocrx_word' id='word_1_203' title='bbox 566 2982 599 3026; x_wconf 89' lang='lat' dir='ltr'>se</span> <span class='ocrx_word' id='word_1_204' title='bbox 627 2963 780 3028; x_wconf 85' lang='lat' dir='ltr'>facturum</span> <span class='ocrx_word' id='word_1_205' title='bbox 812 2964 926 3046; x_wconf 74' lang='lat' dir='ltr'>nogat?</span> <span class='ocrx_word' id='word_1_206' title='bbox 972 2961 1046 3042; x_wconf 77' lang='lat' dir='ltr'>Quae</span> <span class='ocrx_word' id='word_1_207' title='bbox 1069 2963 1241 3026; x_wconf 82' lang='lat' dir='ltr'>astantem</span> <span class='ocrx_word' id='word_1_208' title='bbox 1265 2960 1321 3025; x_wconf 91' lang='lat' dir='ltr'>illa</span> <span class='ocrx_word' id='word_1_209' title='bbox 1353 2945 1354 2992; x_wconf 33' lang='grc' dir='ltr'><em>Ὗ</em></span> 
     </span>
     <span class='ocr_line' id='line_1_27' title="bbox 248 3065 1320 3152; baseline -0.002 -23"><span class='ocrx_word' id='word_1_210' title='bbox 248 3067 407 3132; x_wconf 82' lang='lat' dir='ltr'>restitutio</span> <span class='ocrx_word' id='word_1_211' title='bbox 442 3069 604 3151; x_wconf 87' lang='lat' dir='ltr'>tamquam</span> <span class='ocrx_word' id='word_1_212' title='bbox 634 3069 827 3144; x_wconf 89' lang='lat' dir='ltr'>amissorum,</span> <span class='ocrx_word' id='word_1_213' title='bbox 861 3068 1007 3152; x_wconf 90' lang='lat' dir='ltr'>quoniam</span> <span class='ocrx_word' id='word_1_214' title='bbox 1036 3068 1073 3132; x_wconf 87' lang='lat' dir='ltr'>de</span> <span class='ocrx_word' id='word_1_215' title='bbox 1102 3068 1167 3132; x_wconf 85' lang='lat' dir='ltr'>sola</span> <span class='ocrx_word' id='word_1_216' title='bbox 1193 3065 1320 3148; x_wconf 85' lang='lat' dir='ltr'>periculi</span> 
     </span>
     <span class='ocr_line' id='line_1_28' title="bbox 248 3171 1354 3258; baseline -0.004 -21"><span class='ocrx_word' id='word_1_217' title='bbox 248 3173 432 3240; x_wconf 85' lang='lat' dir='ltr'>liberatione</span> <span class='ocrx_word' id='word_1_218' title='bbox 462 3175 512 3258; x_wconf 86' lang='lat' dir='ltr'>agi</span> <span class='ocrx_word' id='word_1_219' title='bbox 541 3173 673 3252; x_wconf 85' lang='lat' dir='ltr'>ridetur,</span> <span class='ocrx_word' id='word_1_220' title='bbox 705 3192 764 3258; x_wconf 91' lang='lat' dir='ltr'>quo</span> <span class='ocrx_word' id='word_1_221' title='bbox 795 3174 927 3257; x_wconf 89' lang='lat' dir='ltr'>denique</span> <span class='ocrx_word' id='word_1_222' title='bbox 954 3174 1089 3255; x_wconf 86' lang='lat' dir='ltr'>pertinet</span> <span class='ocrx_word' id='word_1_223' title='bbox 1111 3173 1243 3256; x_wconf 85' lang='lat' dir='ltr'>diligens</span> <span class='ocrx_word' id='word_1_224' title='bbox 1267 3171 1320 3237; x_wconf 89' lang='lat' dir='ltr'>illa</span> <span class='ocrx_word' id='word_1_225' title='bbox 1353 3195 1354 3242; x_wconf 70' lang='grc'><strong>1</strong></span> 
     </span>
     <span class='ocr_line' id='line_1_29' title="bbox 253 3275 1354 3364; baseline -0.003 -21"><span class='ocrx_word' id='word_1_226' title='bbox 253 3279 368 3346; x_wconf 89' lang='lat' dir='ltr'>nullius</span> <span class='ocrx_word' id='word_1_227' title='bbox 398 3281 446 3346; x_wconf 90' lang='lat' dir='ltr'>sui</span> <span class='ocrx_word' id='word_1_228' title='bbox 472 3279 599 3363; x_wconf 86' lang='lat' dir='ltr'>periculi</span> <span class='ocrx_word' id='word_1_229' title='bbox 629 3280 744 3344; x_wconf 89' lang='lat' dir='ltr'>mentio</span> <span class='ocrx_word' id='word_1_230' title='bbox 774 3282 806 3345; x_wconf 89' lang='grc'>01</span> <span class='ocrx_word' id='word_1_231' title='bbox 834 3299 902 3344; x_wconf 89' lang='lat' dir='ltr'>oum</span> <span class='ocrx_word' id='word_1_232' title='bbox 930 3298 1043 3364; x_wconf 84' lang='lat' dir='ltr'>magno</span> <span class='ocrx_word' id='word_1_233' title='bbox 1065 3278 1164 3344; x_wconf 85' lang='lat' dir='ltr'>alieno</span> <span class='ocrx_word' id='word_1_234' title='bbox 1185 3276 1320 3360; x_wconf 87' lang='lat' dir='ltr'>periculo</span> <span class='ocrx_word' id='word_1_235' title='bbox 1353 3275 1354 3362; x_wconf 64' lang='lat'>,</span> 
     </span>
     <span class='ocr_line' id='line_1_30' title="bbox 253 3375 1354 3469; baseline -0.003 -20"><span class='ocrx_word' id='word_1_236' title='bbox 253 3388 464 3469; x_wconf 78' lang='lat' dir='ltr'>comparatio?</span> <span class='ocrx_word' id='word_1_237' title='bbox 514 3387 596 3468; x_wconf 88' lang='lat' dir='ltr'>Ipsa,</span> <span class='ocrx_word' id='word_1_238' title='bbox 619 3405 688 3468; x_wconf 82' lang='lat' dir='ltr'>quaa</span> <span class='ocrx_word' id='word_1_239' title='bbox 710 3385 858 3469; x_wconf 89' lang='lat' dir='ltr'>sequitur,</span> <span class='ocrx_word' id='word_1_240' title='bbox 893 3387 977 3469; x_wconf 86' lang='lat' dir='ltr'>digni</span> <span class='ocrx_word' id='word_1_241' title='bbox 1010 3383 1156 3451; x_wconf 88' lang='lat' dir='ltr'>beneficio</span> <span class='ocrx_word' id='word_1_242' title='bbox 1187 3382 1318 3448; x_wconf 88' lang='lat' dir='ltr'>hominis</span> <span class='ocrx_word' id='word_1_243' title='bbox 1353 3375 1354 3396; x_wconf 63' lang='lat'>¹</span> 
     </span>
     <span class='ocr_line' id='line_1_31' title="bbox 254 3490 1354 3576; baseline -0.003 -20"><span class='ocrx_word' id='word_1_244' title='bbox 254 3511 324 3556; x_wconf 90' lang='lat' dir='ltr'>oum</span> <span class='ocrx_word' id='word_1_245' title='bbox 356 3493 482 3576; x_wconf 86' lang='lat' dir='ltr'>indiguo</span> <span class='ocrx_word' id='word_1_246' title='bbox 517 3494 549 3556; x_wconf 88' lang='lat' dir='ltr'>et</span> <span class='ocrx_word' id='word_1_247' title='bbox 584 3491 771 3556; x_wconf 85' lang='lat' dir='ltr'>discriminis</span> <span class='ocrx_word' id='word_1_248' title='bbox 802 3494 927 3574; x_wconf 86' lang='lat' dir='ltr'>propter</span> <span class='ocrx_word' id='word_1_249' title='bbox 955 3491 1045 3556; x_wconf 90' lang='lat' dir='ltr'>illum</span> <span class='ocrx_word' id='word_1_250' title='bbox 1073 3490 1223 3555; x_wconf 87' lang='lat' dir='ltr'>subeundi</span> <span class='ocrx_word' id='word_1_251' title='bbox 1249 3508 1315 3553; x_wconf 89' lang='lat' dir='ltr'>cum</span> <span class='ocrx_word' id='word_1_252' title='bbox 1353 3509 1354 3570; x_wconf 59' lang='grc' dir='ltr'>ζ</span> 
     </span>
     <span class='ocr_line' id='line_1_32' title="bbox 254 3595 1317 3681; baseline -0.004 -20"><span class='ocrx_word' id='word_1_253' title='bbox 254 3597 396 3677; x_wconf 86' lang='lat' dir='ltr'>clamore,</span> <span class='ocrx_word' id='word_1_254' title='bbox 419 3616 480 3681; x_wconf 89' lang='lat' dir='ltr'>quo</span> <span class='ocrx_word' id='word_1_255' title='bbox 502 3599 567 3663; x_wconf 88' lang='lat' dir='ltr'>solo</span> <span class='ocrx_word' id='word_1_256' title='bbox 591 3596 640 3662; x_wconf 89' lang='lat' dir='ltr'>hio</span> <span class='ocrx_word' id='word_1_257' title='bbox 663 3598 835 3677; x_wconf 81' lang='lat' dir='ltr'>adiuvetur,</span> <span class='ocrx_word' id='word_1_258' title='bbox 859 3597 1046 3679; x_wconf 87' lang='lat' dir='ltr'>comparatio</span> <span class='ocrx_word' id='word_1_259' title='bbox 1068 3595 1317 3661; x_wconf 76' lang='lat' dir='ltr'>manifestissimo</span> 
     </span>
     <span class='ocr_line' id='line_1_33' title="bbox 253 3700 1316 3783; baseline -0.004 -17"><span class='ocrx_word' id='word_1_260' title='bbox 253 3701 398 3781; x_wconf 87' lang='lat' dir='ltr'>ostendit,</span> <span class='ocrx_word' id='word_1_261' title='bbox 430 3703 564 3769; x_wconf 88' lang='lat' dir='ltr'>similem</span> <span class='ocrx_word' id='word_1_262' title='bbox 597 3703 648 3768; x_wconf 90' lang='lat' dir='ltr'>hio</span> <span class='ocrx_word' id='word_1_263' title='bbox 681 3703 776 3768; x_wconf 85' lang='lat' dir='ltr'>luisse</span> <span class='ocrx_word' id='word_1_264' title='bbox 809 3702 948 3768; x_wconf 87' lang='lat' dir='ltr'>beneficii</span> <span class='ocrx_word' id='word_1_265' title='bbox 979 3704 1010 3767; x_wconf 94' lang='lat' dir='ltr'>in</span> <span class='ocrx_word' id='word_1_266' title='bbox 1032 3700 1164 3768; x_wconf 84' lang='lat' dir='ltr'>dirersis</span> <span class='ocrx_word' id='word_1_267' title='bbox 1186 3701 1316 3783; x_wconf 86' lang='lat' dir='ltr'>personis</span> 
     </span>
     <span class='ocr_line' id='line_1_34' title="bbox 254 3807 1313 3890; baseline -0.003 -18"><span class='ocrx_word' id='word_1_268' title='bbox 254 3807 369 3874; x_wconf 88' lang='lat' dir='ltr'>maiore</span> <span class='ocrx_word' id='word_1_269' title='bbox 390 3809 547 3875; x_wconf 87' lang='lat' dir='ltr'>minoreve</span> <span class='ocrx_word' id='word_1_270' title='bbox 563 3813 618 3875; x_wconf 86' lang='lat' dir='ltr'>aut</span> <span class='ocrx_word' id='word_1_271' title='bbox 634 3809 719 3874; x_wconf 90' lang='lat' dir='ltr'>nullo</span> <span class='ocrx_word' id='word_1_272' title='bbox 734 3809 870 3890; x_wconf 87' lang='lat' dir='ltr'>periculo</span> <span class='ocrx_word' id='word_1_273' title='bbox 886 3807 1060 3874; x_wconf 86' lang='lat' dir='ltr'>confercndi</span> <span class='ocrx_word' id='word_1_274' title='bbox 1076 3807 1313 3878; x_wconf 86' lang='lat' dir='ltr'>distinctionem,</span> 
     </span>
     <span class='ocr_line' id='line_1_35' title="bbox 248 3913 1354 3998; baseline -0.005 -19"><span class='ocrx_word' id='word_1_275' title='bbox 248 3933 322 3998; x_wconf 40' lang='lat' dir='ltr'>,quae</span> <span class='ocrx_word' id='word_1_276' title='bbox 356 3914 424 3997; x_wconf 87' lang='lat' dir='ltr'>ipso</span> <span class='ocrx_word' id='word_1_277' title='bbox 457 3917 619 3981; x_wconf 82' lang='lat' dir='ltr'>verborum</span> <span class='ocrx_word' id='word_1_278' title='bbox 654 3915 759 3980; x_wconf 87' lang='lat' dir='ltr'>ordine</span> <span class='ocrx_word' id='word_1_279' title='bbox 791 3913 996 3997; x_wconf 87' lang='lat' dir='ltr'>significatur,</span> <span class='ocrx_word' id='word_1_280' title='bbox 1034 3913 1168 3978; x_wconf 87' lang='lat' dir='ltr'>filiorum</span> <span class='ocrx_word' id='word_1_281' title='bbox 1202 3914 1316 3977; x_wconf 90' lang='lat' dir='ltr'>nomine</span> <span class='ocrx_word' id='word_1_282' title='bbox 1353 3919 1354 3990; x_wconf 66' lang='lat' dir='ltr'>J</span> 
     </span>
     <span class='ocr_line' id='line_1_36' title="bbox 256 4007 1354 4102; baseline -0.004 -18"><span class='ocrx_word' id='word_1_283' title='bbox 256 4021 345 4087; x_wconf 88' lang='lat' dir='ltr'>initio</span> <span class='ocrx_word' id='word_1_284' title='bbox 367 4007 527 4086; x_wconf 79' lang='lat' dir='ltr'>sententiae</span> <span class='ocrx_word' id='word_1_285' title='bbox 554 4021 664 4102; x_wconf 87' lang='lat' dir='ltr'>posito.</span> <span class='ocrx_word' id='word_1_286' title='bbox 722 4021 831 4102; x_wconf 88' lang='lat' dir='ltr'>ltaque</span> <span class='ocrx_word' id='word_1_287' title='bbox 863 4021 999 4101; x_wconf 84' lang='lat' dir='ltr'>primum</span> <span class='ocrx_word' id='word_1_288' title='bbox 1032 4018 1226 4084; x_wconf 86' lang='lat' dir='ltr'>scribendum</span> <span class='ocrx_word' id='word_1_289' title='bbox 1257 4020 1316 4082; x_wconf 89' lang='lat' dir='ltr'>est:</span> <span class='ocrx_word' id='word_1_290' title='bbox 1353 4029 1354 4046; x_wconf 61' lang='lat'><em>³</em></span> 
     </span>
    </p>
   </div>
   <div class='ocr_carea' id='block_1_4' title="bbox 0 0 1394 4572">
    <p class='ocr_par' dir='ltr' id='par_1_6' title="bbox 0 0 1394 4572">
     <span class='ocr_line' id='line_1_37' title="bbox 0 0 1394 4572; baseline 0 0"><span class='ocrx_word' id='word_1_291' title='bbox 0 0 1394 4572; x_wconf 95' lang='lat' dir='ltr'> </span> 
     </span>
    </p>
   </div>
  </div>
 </body>
</html>
