2712 4576
442 225 583 280 Ciceronis
601 227 748 284 orationes.
1028 229 1087 292 155

164 421 239 486 Ibid.
260 422 333 500 XII,
349 423 408 489 24:
430 422 609 490 Teneant
630 423 706 488 alii
728 425 878 503 cestra,
901 427 1047 509 gerant
1067 444 1129 493 rea

53 525 254 605 bellicas,
287 527 450 594 oderint
477 528 633 594 hostem
655 565 694 578 -
717 549 803 597 nam
825 531 898 596 boc
919 534 1039 613 caput
1067 532 1130 598 est

51 656 114 708 ·-;
155 653 239 712 nos,
269 635 312 699 ut
344 634 517 702 dicimus
540 641 610 712 (scr.
633 655 704 702 cum
734 636 865 704 Grutero
897 635 1162 716 didicimus)'

50 759 298 824 semperque
332 741 520 817 fecimus,
553 742 687 807 urbem
722 743 761 808 et
792 762 855 808 res
887 744 1061 808 urbanas
1090 789 1128 806 ..

51 847 278 912 tuebimur.
323 847 469 926 Verbum,
495 847 575 930 quod
598 850 646 915 est
668 848 846 927 oderint,
868 850 982 916 frustra
997 849 1130 916 Orellius

50 953 142 1020 tueri
166 958 297 1019 conotus
319 958 367 1020 est
389 973 425 1019 ea
447 952 623 1036 supplendo,
648 975 717 1038 qua
738 955 770 1020 in
795 956 895 1022 verbis
916 974 973 1022 nec
988 974 1130 1038 expressa

51 1061 135 1125 sunt
157 1079 213 1126 nec
234 1061 455 1144 significantur.
501 1059 544 1125 lix
566 1060 634 1142 ipso
657 1061 719 1139 illo,
742 1061 824 1144 quod
847 1061 1011 1128 subiicitur
1032 1068 1130 1138 (cem

51 1166 133 1232 boc
162 1171 284 1250 caput
312 1172 397 1244 est),
426 1168 563 1249 apparet,
587 1169 673 1232 cuins
695 1170 855 1234 sententiae
877 1170 1006 1235 verbum
1027 1170 1131 1251 requi-

2 1280 3 1327 1
52 1276 156 1338 ratur.
201 1273 367 1339 Geminota
389 1275 525 1338 extrema
550 1273 750 1358 precedentis
772 1275 914 1340 vocabuli
930 1275 1035 1340 littera
1050 1274 1130 1339 offici

52 1378 202 1446 videtur:
224 1381 381 1465 superent
402 1380 610 1457 hostem.*)

162 1489 239 1563 ibid
262 1497 351 1574 XIII,
375 1498 432 1562 36:
462 1496 655 1564 Difficile
684 1500 747 1562 est
767 1499 931 1564 credere
954 1516 1036 1576 eos,
1059 1499 1128 1581 qui

1 1585 2 1610 ¹
53 1623 117 1668 me
136 1604 389 1686 praecipitem
413 1603 574 1687 egerint
596 1605 850 1686 aequissimas
880 1601 1130 1670 condiciones

54 1709 258 1775 ferentem
281 1755 431 1789 ......
459 1712 602 1792 putare
634 1709 793 1792 aliquid
828 1710 1031 1775 moderate
1064 1717 1131 1775 aut

1 1805 2 1810 ’
54 1815 232 1881 humane
265 1835 353 1882 esse
383 1816 573 1885 facturos.
629 1817 779 1895 Munatio,
813 1819 865 1900 qui
887 1817 969 1882 recte
992 1821 1130 1882 senserat

56 1923 174 1988 vitiose
188 1941 367 1988 concurrere
389 1924 479 1989 cred
490 1942 553 1989 ere
569 1970 576 1986 .
594 1970 601 1984 .
618 1924 779 2006 peiere,
802 1921 966 2006 opponitur
979 1923 1130 1989 Prisciani

54 2030 237 2108 auctoritas,
260 2030 313 2115 qui
337 2049 372 2094 ex
393 2029 543 2096 hocloco
564 2030 682 2112 profert
703 2032 847 2113 putare
871 2074 878 2090 .
904 2075 911 2090 .
935 2028 1129 2094 facturos.

57 2135 216 2205 Videlicet
245 2137 404 2201 Manutius
434 2155 494 2201 non
525 2138 668 2220 putare
696 2135 805 2201 tollere
828 2133 944 2208 debuit,
968 2135 1022 2198 sed
1045 2153 1131 2198 cre-

55 2243 167 2320 dere,
193 2243 272 2325 qnod
295 2242 439 2307 librarius
462 2242 501 2308 ad
524 2242 708 2307 difficile
732 2244 793 2306 cst
814 2239 943 2316 eddidit,
967 2258 1036 2304 eum
1053 2259 1128 2304 non·

2 2399 5 2437 ,1
54 2349 133 2414 dnm
154 2348 426 2414 animadvertisset
447 2349 534 2432 sequi
556 2352 709 2432 putare.
762 2345 862 2433 [Hanc
883 2344 1127 2410 emendationem

2 2444 3 2461 ¹
53 2474 117 2521 non
152 2456 345 2521 attenderam
382 2443 445 2521 iarn
483 2475 552 2522 cum
587 2456 711 2520 Halmio
749 2451 1005 2519 communicatam
1044 2454 1076 2515 et
1109 2472 1128 2516 a

2 2573 4 2644 l
56 2561 197 2646 Kaysero
219 2563 375 2644 receptam
397 2560 541 2647 esse.]**)

1 2872 3 2963 1
501 2811 588 2894 Cap.
614 2813 683 2879 ΙΙΙ.

2 3014 3 3050 p
450 2978 590 3034 Ciceronis
608 2979 741 3057 epistolae.

163 3130 298 3218 Epistol.
333 3131 376 3198 ad
407 3131 508 3198 famil.
543 3131 567 3207 1,
600 3133 630 3208 9,
666 3132 717 3194 10:
757 3133 845 3197 Haec
878 3151 961 3197 cum
993 3133 1038 3197 ad
1072 3151 1128 3196 me

1 3228 2 3290 i
58 3241 191 3304 frater
217 3239 479 3321 pertulisset,
504 3239 648 3302 etcum
675 3242 806 3302 tamen
838 3238 1051 3320 Pompeius
1080 3235 1127 3301 ad

1 3431 2 3454 Χ
59 3364 224 3411 mecum
253 3344 456 3410 mandatis
486 3342 713 3409 Vibullium
740 3343 1006 3408 misissetoet.
1052 3342 1129 3406 Sen-

58 3519 98 3526 .—

1 3565 2 3626 i
113 3599 139 3666 *p
159 3600 174 3670 ξ
192 3599 236 3669 23,
254 3600 302 3654 ubi
319 3600 459 3655 scribitur:
480 3619 553 3658 num
571 3602 707 3658 aberrat
726 3615 743 3654 a
761 3599 959 3655 coniectura
977 3601 1127 3669 suspicio

160 3693 306 3763 periculi
333 3696 408 3765 mei,
437 3695 553 3751 delenda
580 3701 623 3750 est
649 3694 816 3765 praepositio.
863 3691 916 3762 Qui
943 3693 1128 3750 coniecturam

161 3783 236 3854 facit,
254 3792 286 3840 ut
304 3788 436 3844 hocloco
455 3788 618 3858 suspicio,
636 3804 691 3843 non
710 3787 821 3842 aberrat
839 3786 1034 3854 aconiectura,
1047 3801 1129 3855 quam

161 3877 237 3947 iacit,
256 3879 304 3934 sed
323 3881 482 3937 coniectura
500 3880 700 3948 (coniectando)
721 3883 832 3936 aberrat
850 3881 877 3946 (a
895 3879 1030 3946 veritate).

1 3971 3 4032 l
97 3973 139 4042 **)
157 3974 232 4043 XIV,
259 3973 293 4027 13
319 3974 443 4044 proxime
469 3975 529 4032 cod.
556 3980 568 4029 t
595 3973 781 4030 scrilrendum:
817 3975 962 4045 impetus
987 3973 1127 4029 crimen-

1 4062 3 4122 l
162 4070 285 4138 (que)
305 4070 494 4136 quaeretur?
