2740 4572
51 203 52 206 Ἴ
371 295 373 300 ,
445 244 583 302 Ciceronis
602 244 745 317 epistole.¹
1019 245 1077 309 197

57 457 151 522 neque
187 440 335 522 epistolas
368 441 469 508 Anicii
497 441 533 520 Q.
556 441 733 508 Ciceronem
764 442 868 508 Marco
891 443 923 508 in
945 443 1120 510 Tusculano

19 573 21 608 ;
58 545 158 611 Anicii
187 548 358 613 ostendisse
388 547 535 614 credibile
564 548 627 625 est;
659 552 817 630 postremo
838 547 1026 632 relinquitur
1046 567 1118 632 pra·

59 651 218 717 vissimum
240 653 317 718 illud
341 652 385 717 de
407 671 446 718 se
469 658 523 731 (-
546 654 677 720 debebat
701 655 812 721 saltem
837 674 904 722 osse
926 655 970 718 de
993 672 1034 719 eo
1057 664 1120 734 -),

58 759 133 840 quod
156 758 229 824 forti
250 758 386 824 remedio
408 778 502 844 nuper
528 759 624 825 deleri
643 760 775 828 editores
798 761 962 826 iusserunt.
1006 759 1120 839 Extis,

58 883 121 946 quae
147 864 352 931 subiiciuntur
374 865 412 931 de
440 865 538 942 vultu,
562 884 711 943 sermone,
734 867 838 933 animo
861 865 972 942 Anicii,
994 867 1122 948 appetet

58 970 231 1036 Ciceronem
254 972 371 1035 malum
391 974 422 1035 et
443 972 675 1038 fraudulentum
703 971 859 1038 hominem
881 970 983 1037 caveri
1006 971 1121 1036 iubere.

58 1077 99 1140 Er
110 1077 253 1161 vestigiis
265 1077 403 1142 codicum
416 1076 546 1143 eflicitur
557 1078 675 1144 duabus
687 1079 801 1144 litteris
812 1078 958 1143 mutatisz
974 1076 1018 1141 de
1030 1075 1122 1143 sede·

19 1171 20 1180 ’
59 1183 137 1248 culis
159 1183 260 1262 illis,
283 1203 379 1266 ques
401 1184 440 1248 in
456 1184 682 1250 Tusculano
705 1184 792 1251 eins
812 1186 854 1250 tn
875 1182 974 1250 mihi
992 1183 1122 1248 osten·

60 1289 168 1354 disti.
213 1289 380 1356 Sedeculas
401 1291 504 1375 alique
525 1309 557 1355 re
581 1289 730 1355 meabiles
746 1290 879 1370 Quintus
893 1290 998 1356 Marco
1020 1289 1123 1354 osten·

61 1395 138 1460 disse
170 1398 306 1477 poteret;
344 1398 498 1479 quodnam
533 1395 593 1461 illae
626 1415 745 1462 morum
782 1395 881 1462 Anicii
912 1395 1058 1462 indicium
1091 1395 1124 1460 et

60 1501 221 1586 vestigium
251 1502 422 1582 habuerint,
452 1503 639 1586 ignoramus.
696 1504 800 1569 Possit
827 1503 938 1584 aliquis
961 1503 998 1567 de
1020 1499 1122 1566 fidi·

60 1609 160 1673 culis
180 1608 332 1692 cogitare3
356 1609 410 1674 sed
425 1609 553 1674 saevitiae
568 1608 760 1692 significatio,
778 1610 924 1694 adquam
941 1608 1003 1673 illm
1025 1605 1122 1689 perti·

61 1717 175 1789 nerent,
198 1714 300 1779 minus
324 1717 396 1797 apta
417 1718 482 1794 est3
512 1734 583 1780 nam
613 1717 691 1799 quod
714 1735 825 1782 nomen
849 1734 929 1802 nuno
951 1733 1011 1780 non
1033 1731 1123 1795 repe·

61 1821 136 1885 ritnr
156 1823 230 1886 ante
251 1821 408 1901 Senecam,
435 1820 513 1886 nihil
534 1822 566 1886 in
588 1822 644 1888 tali
667 1841 699 1888 re
721 1822 816 1888 hebet
837 1821 1023 1908 argumenti.

159 1927 236 1992 lbid.
258 1927 288 2000 3,
310 1928 346 1992 3:
380 1946 454 2010 quo
487 1927 644 2010 quidem
679 1928 717 1993 in
749 1930 904 1996 iudicio
937 1927 1123 2005 (maiestatis

63 2033 220 2112 Gabinius)
243 2033 328 2098 odio
350 2034 545 2115 premitur
561 2034 723 2100 omnium
746 2053 942 2120 generum,
967 2033 1125 2097 maxime

63 2140 239 2205 testibus
260 2139 445 2217 caeditur,
483 2142 795 2206 accusatoribus
832 2135 1124 2225 frigidissimis

63 2247 201 2311 ntitnr.
257 2247 286 2310 A
307 2245 440 2312 testibus
462 2246 627 2311 concidi
649 2246 761 2329 aliquis
783 2245 845 2312 dici
866 2246 978 2329 potest,
1001 2242 1126 2308 tosti-

63 2351 129 2416 bus
151 2350 249 2416 caedi
271 2350 496 2416 nihilomnino
518 2351 580 2428 est;
604 2352 798 2418 scribendum
821 2351 964 2418 laeditnr.
1008 2348 1124 2414 Confir-

64 2459 125 2522 mat
155 2457 373 2536 coniecturam,
406 2458 432 2522 ai
464 2475 540 2538 opus
573 2460 630 2537 est,
663 2457 805 2523 additum
838 2458 1020 2532 marim03
1055 2472 1127 2518 nam

19 2597 20 2600 =
64 2562 138 2654 inter
173 2565 277 2646 plures
312 2581 370 2640 res,
407 2581 475 2646 quae
510 2581 596 2627 reum
628 2564 741 2629 laedere
772 2564 923 2645 poterant,
959 2560 1125 2630 Gabinium

66 2670 192 2734 manime
209 2671 304 2734 testes
320 2669 483 2746 laedebant,
500 2688 559 2734 non
575 2668 744 2736 cedebant.
789 2669 935 2753 Sequitur
957 2668 995 2734 de
1017 2667 1125 2732 eodem

66 2773 186 2840 Gabinii
207 2774 319 2841 iudicio
336 2776 368 2839 et
382 2774 533 2858 periculo:
557 2775 740 2840 Animum
761 2777 916 2857 praebeo
938 2776 984 2842 ad
1006 2772 1126 2839 illius

67 2883 283 2960 perniciem
307 2881 632 2957 moderatum,ad
656 2885 986 2948 rernmeventum
1003 2880 1128 2946 lenis·

19 3073 20 3082 ἵ
67 2988 210 3052 simum⁴
265 2989 306 3053 lle
336 3005 465 3052 rerum
499 2988 626 3052 eventus
656 3006 798 3070 perverse
826 2988 941 3054 dicitur
968 2989 1006 3052 de
1034 2987 1126 3052 unius

19 3083 20 3088 ’
67 3091 166 3159 iudicii
189 3097 312 3170 eventu,
334 3112 432 3176 neque
455 3099 581 3158 eventus
610 3111 718 3177 perse
740 3095 909 3158 contrarius
931 3093 1003 3175 poni
1024 3094 1128 3175 potest

67 3199 217 3278 perniciei,
240 3201 322 3284 quod
343 3201 443 3282 ipsum
470 3202 597 3265 eventus
617 3205 734 3264 certum
750 3218 846 3282 genus
869 3204 925 3263 est.
970 3198 1127 3280 Scriptum

19 3359 21 3384 ,
68 3303 253 3372 inerataut:
275 3305 480 3373 adulterum
502 3310 686 3371 eventum
709 3309 781 3370 ant:
805 3304 851 3369 ad
873 3304 981 3380 lautum
1005 3304 1129 3368 even-

19 3427 21 3540 q
69 3413 160 3491 tum3
184 3413 239 3478 sed
261 3414 346 3496 prius
366 3415 504 3496 praestat.

19 3557 21 3631 ἱ
148 3617 297 3704 ‘Epistol
330 3613 372 3681 ad
403 3613 536 3690 Brnt.*)
571 3614 594 3692 l,
622 3612 651 3690 2,
678 3615 714 3677 3:
756 3612 864 3692 Quod
901 3609 1050 3677 scribis
1084 3607 1129 3672 de

69 3723 281 3802 seditione,
304 3740 385 3805 queo
408 3720 518 3785 lactc
540 3721 602 3784 est
633 3717 671 3783 in
705 3719 867 3802 legione
896 3721 1054 3801 quarta,
1084 3717 1128 3779 de

115 3996 142 4059 *l
160 3995 264 4050 Contra
292 4009 349 4060 eos,
375 3992 422 4059 qui
439 3991 491 4044 has
509 3986 639 4056 epistolas
663 4002 680 4040 a
699 3986 830 4046 Cicerone
849 3989 1050 4055 abiudicarunt,
1067 3989 1132 4054 post

162 4088 191 4142 C.
204 4088 236 4141 F.
249 4088 434 4142 Hermannum
454 4098 509 4138 non
526 4085 569 4136 est
587 4094 657 4148 opus
670 4078 812 4152 disputari,
826 4095 990 4150 quemquam
1001 4083 1133 4152 poterent
