2712 4576
271 269 331 332 m
634 266 888 336 mmmm

229 469 261 532 iu
283 465 404 550 epilogo
426 465 562 532 dixisset.
612 466 740 531 Prorsus
763 465 899 549 suspicor
920 463 1097 530 Ciceronem
1122 462 1166 528 sic
1197 462 1306 544 scrip·

230 573 323 639 sisse:
345 573 424 638 Hoc
445 571 519 638 ille
542 575 675 650 uatus,
699 570 879 655 quamvis
901 573 1053 652 patrem
1073 589 1307 636 suumuum-

229 699 341 763 quam
365 677 501 756 villerot,
524 680 685 744 tamea.
709 723 716 740 .
741 725 747 740 .
772 723 779 740 .
803 679 841 743 in
865 679 1040 761 paterna
1066 676 1159 742 viiae
1181 675 1306 743 simi·
1345 709 1346 758 r

229 785 452 852 litueliuam
475 784 673 850 deductus
695 786 782 851 esset
803 786 896 868 (quod
919 784 1032 850 facium
1057 784 1113 859 esi,
1136 781 1307 858 idcicero,
1345 779 1346 854 i

230 891 351 958 etiamsi
374 893 517 958 Rabirius
546 894 663 972 patrem
694 891 796 974 ipsum
824 895 895 958 ante
917 889 1020 958 oculos
1043 908 1101 956 nou
1125 887 1305 962 habuisset,
1345 893 1346 968 i

229 1006 333 1072 tamen
355 1000 490 1064 saturum
510 999 604 1063 luisse
621 997 719 1074 dicii).
763 997 935 1063 Viderat
954 996 1134 1080 imperfeclo
1156 999 1307 1077 tempore

231 1126 283 1190 pro
311 1105 488 1172 vidisset
518 1104 621 1186 posuil
648 1107 718 1170 noio
745 1122 812 1176 usu,
841 1105 879 1169 da
901 1122 960 1187 quo
983 1101 1044 1168 dixi
1066 1103 1206 1168 Gramm.
1234 1101 1305 1164 Lab.
1345 1097 1346 1118 ¹

230 1213 331 1294 §347
355 1213 375 1278 b
397 1215 459 1277 nob.
483 1211 511 1272 2.
563 1210 696 1294 Vulgata
724 1211 876 1292 scriptura
897 1214 964 1276 oria
986 1209 1106 1276 videbor
1128 1226 1163 1272 eo
1187 1224 1307 1280 errore,
1345 1199 1346 1276 l

230 1319 311 1401 quod
334 1318 472 1388 Postumi
494 1334 660 1400 cognomen
684 1314 752 1382 sina
774 1314 866 1381 dubio
888 1337 906 1383 a
924 1316 1091 1384 maioribus
1107 1313 1172 1379 eius
1187 1314 1306 1397 gentis,

231 1425 263 1490 in
297 1444 389 1509 quam
420 1423 564 1490 Rabirius
590 1421 753 1506 adoptione
782 1422 915 1500 transiit,
945 1423 1107 1506 acceptum
1137 1419 1212 1485 huic
1245 1419 1307 1502 ipsi

231 1533 354 1598 Rabirio
378 1551 413 1597 ex
436 1549 467 1595 re
488 1527 666 1612 impositum
688 1532 881 1612 putaverunt.

331 1694 408 1760 lbio.
433 1694 489 1757 21:
514 1676 605 1758 Sive
627 1692 716 1769 ille,
740 1696 780 1759 ub
801 1693 887 1777 ipse
910 1694 1088 1773 dicebat,
1112 1692 1305 1777 gloriam,

233 1799 334 1878 sive,
369 1802 411 1865 ub
443 1801 484 1864 iu
517 1800 593 1876 vis,
627 1799 834 1881 pecuniam
868 1799 1076 1883 quaesivib,
1113 1800 1192 1865 sibi
1227 1819 1305 1865 non

233 1905 397 1972 Gabinii
436 1924 567 1971 obruas
599 1893 665 1972 ”vol
702 1907 883 1972 sectator
922 1925 992 1972 uec
1036 1905 1082 1970 acl
1116 1905 1304 1978 Gabinii,

233 2011 346 2077 cuius
368 2012 405 2077 iol
425 2012 636 2097 negotium
665 2031 739 2078 non
771 2016 872 2092 erat,
904 2012 971 2078 sed
994 2013 1041 2077 ad
1063 2013 1096 2076 P.
1120 2011 1304 2086 Lentuli,

232 2117 461 2184 clarissimi
490 2119 583 2196 viri,
614 2118 904 2185 auctoritatem
929 2137 947 2184 a
969 2122 1108 2185 senatu
1140 2121 1302 2202 [rr-ofec-

232 2230 311 2291 tam
343 2228 382 2289 ab
415 2225 590 2291 oonsilio
622 2228 731 2290 certo
764 2226 802 2289 eb
835 2243 902 2308 spe
937 2243 1009 2290 nou
1038 2224 1158 2290 <lubia
1180 2225 1303 2290 Roma
1345 2251 1346 2340 i

233 2331 511 2398 contenderat.
565 2331 606 2394 ut
636 2331 778 2396 lacunam
808 2332 857 2395 hio
879 2349 945 2395 esse
974 2329 1172 2396 manifestum
1197 2334 1249 2396 cst
1272 2332 1303 2394 et

232 2440 263 2503 iu
287 2438 335 2512 iis,
358 2457 426 2522 quae
448 2436 680 2514 interciderunt,
702 2437 870 2503 oracionem
894 2429 1063 2526 a'Gmbinio
1081 2438 1120 2502 ad
1134 2436 1297 2502 Rabirium

232 2544 386 2609 transisse.
451 2544 560 2627 ltaque
593 2562 629 2609 ea
662 2545 842 2609 brevissime
877 2547 908 2607 el
944 2545 1025 2609 recte
1061 2543 1106 2609 sic
1144 2542 1301 2625 expletur:

230 2650 323 2716 Sive*
358 2649 431 2713 ille
463 2695 502 2711 ..
540 2649 728 2732 gloriam,
762 2651 847 2714 sive
881 2696 918 2712 ..
953 2650 1159 2733 pecuniam
1194 2669 1300 2733 quae·

234 2754 311 2818 sivi
322 2757 348 2831 t,
366 2755 459 2832 sibi,
474 2758 578 2837 <nou
597 2754 728 2821 Rabirio
744 2756 905 2840 quasivit;
922 2747 1073 2823 Rabirius
1088 2755 1212 2837 euim>
1230 2775 1300 2822 non
1345 2781 1346 2816 r

234 2860 400 2927 Gabinii
422 2879 551 2926 comas
570 2862 628 2926 cel.
673 2861 766 2925 Error
787 2861 883 2946 igilur
905 2863 990 2926 orbus
1013 2866 1061 2927 esi
1074 2861 1193 2928 librarii
1208 2863 1298 2928 oculo
1345 2819 1346 2858 ¹

233 2985 251 3031 a
273 2967 372 3048 priore
395 2984 468 3031 non
492 2967 530 3031 ad
555 2968 685 3031 alierum
708 2968 877 3032 aberrante.

334 3133 412 3200 lbid.
437 3133 497 3197 31:
531 3136 599 3198 aui
629 3135 665 3198 in
696 3136 811 3200 lania
841 3133 1021 3200 mercede
1044 3133 1237 3213 hominis,
1261 3137 1301 3198 ui

232 3241 309 3317 vis,
354 3240 585 3307 avarissimi
629 3240 742 3305 mille
778 3241 980 3306 talentum
1023 3241 1300 3308 decessionem

233 3366 320 3414 esse
353 3367 593 3414 concessam.
637 3345 752 3412 Mirum
782 3347 880 3412 videri
908 3347 1013 3418 Cicero
1043 3345 1206 3431 siguificat,
1229 3365 1299 3421 non,

233 3457 351 3521 taniam
374 3455 546 3520 mercedem
571 3453 743 3519 avarissimi
765 3452 900 3518 hominis
922 3453 1027 3530 fuisse,
1050 3453 1104 3518 sed
1123 3454 1245 3518 baalam
1267 3469 1300 3517 er

232 3578 270 3624 ea
290 3561 497 3625 recessionem
520 3578 588 3626 esse
610 3559 733 3626 leolam.
768 3559 899 3625 Videtur
916 3559 1110 3626 scribendum
1128 3576 1211 3624 esso:
1234 3560 1300 3622 aul

232 3666 361 3731 tautam
382 3665 421 3730 in
444 3666 625 3731 mercede
656 3666 845 3745 hominis,
879 3669 922 3732 ub
954 3668 1030 3745 vis,
1064 3662 1298 3730 avarissimi

233 3769 515 3838 decessionem
538 3791 626 3838 esse
647 3792 888 3840 concessam.
938 3775 1073 3841 Summae-
1094 3789 1242 3838 uumerus
1265 3788 1298 3836 er

233 3877 440 3960 superioribus
462 3880 611 3961 repetitus
634 3898 701 3946 asse
723 3881 855 3946 videtur.
909 3879 1000 3957 Nam,
1023 3899 1092 3963 quae
1114 3877 1214 3944 altera
1235 3895 1297 3942 cor-

233 3983 354 4067 rigaudi
375 3983 425 4050 via
445 3988 502 4063 est,
525 3989 560 4049 ui
581 3986 765 4069 simpliciter
786 3987 915 4052 bollalur
944 3987 1076 4062 lauba,
1105 3987 1207 4050 minus
1229 4002 1297 4066 pro-

229 4089 347 4156 babilis
370 4090 445 4156 mihi
469 4091 599 4156 videtur.
