2728 4582
254 288 293 350 m
384 293 387 300 ·
629 245 907 363 mmmm„

366 485 553 570 11421qq.:
1065 551 1066 556 ,

312 586 378 677 ἤδη
399 585 476 659 ποτ’
499 592 592 661 εἶδον
613 589 710 681 ἄνδρ’
732 592 795 683 ἐγω
818 587 953 685 γλώσσῃ
974 590 1113 681 donorio

311 692 440 773 ναύτας
462 694 702 787 ἐφορμήσανσσ
724 703 891 790 χειμῶνος
913 697 952 768 εδ
975 704 1088 780 πλεῖν,

311 791 336 892 ᾧ
358 799 487 894 φθέγμ’
509 802 555 874 ἄν
577 802 639 874 oo'u
661 803 707 875 σῖν
727 798 843 893 ηὗρες,
865 802 954 893 ἡνίκ’
977 815 1014 878 ἐν
1036 810 1124 896 κακῷ

310 903 480 998 χειμῶνος,
498 908 604 1001 εἴχετ’.

213 1019 356 1084 Granum
377 1038 436 1085 non
459 1023 509 1086 est
530 1023 671 1106 φθέγμα
695 1014 866 1107 εὑρίσκειν
886 1020 965 1095 τινί,
988 1021 1024 1085 nt
1042 1020 1085 1086 sit
1098 1020 1287 1086 facultatem

211 1125 356 1207 loquendi
379 1127 410 1189 et
432 1125 553 1191 dicendi
574 1127 606 1191 in
629 1127 733 1211 aliquo
755 1127 897 1211 reperire.
941 1125 1141 1193 Scribendnm
1166 1127 1232 1191 osto

310 1218 334 1318 ᾧ
356 1225 486 1319 φθέγμ’
507 1227 551 1298 ἄν
573 1226 634 1299 ον’νσ
658 1234 838 1320 ἐνηῦρες.
872 1233 940 1314 [sio
963 1233 1178 1316 Hartnngiua]

363 1336 443 1400 1280
465 1357 530 1421 sq:

308 1442 360 1516 τίς
381 1437 476 1510 ταῦτ’
497 1439 678 1529 α’πεῖρξσνς
709 1440 770 1534 οὐχ
792 1440 843 1514 r'r'd'
868 1437 912 1532 ἦν
934 1439 953 1513 ὅ
977 1446 1065 1531 δρῶν
1087 1439 1181 1521 τάδε,

228 1601 230 1608 a
309 1545 351 1616 ὂν
374 1542 529 1636 aedoeon]
553 1547 621 1640 φῇς
643 1547 722 1620 οὐδὲ
744 1555 920 1640 συμβῆναι
943 1552 1025 1618 ποδί
1033 1578 1045 1632 ,·

209 1653 315 1737 Neque
339 1657 514 1742 συμβῆναι
537 1660 619 1726 ποδί
646 1662 708 1725 ullo
738 1662 827 1726 modo
856 1658 1032 1745 significare
1059 1658 1170 1740 potest,
1200 1657 1286 1740 quod

210 1760 339 1846 fingunt,
373 1764 517 1848 congredi
550 1785 619 1830 cnm
652 1768 741 1833 hoste
774 1768 931 1849 (qnoniam
960 1784 997 1831 ne
1024 1767 1127 1846 ipsum
1156 1763 1282 1846 quidem

211 1867 417 1953 συμβαίνειν
448 1871 517 1938 τινί
549 1871 593 1938 εἰσ
627 1873 687 1939 diei
717 1878 840 1956 potest),
873 1890 970 1954 neque
1000 1873 1194 1956 Agamemno
1226 1889 1287 1934 ne-

210 1977 345 2057 gaverat,
380 1977 459 2060 qnod
492 1977 607 2042 nemini
637 1980 670 2044 in
705 1981 842 2045 mentem
875 1977 980 2045 venire
1010 1978 1130 2062 poterat
1158 1993 1282 2060 negare.

210 2080 338 2146 Aiacem
361 2101 509 2166 nmquam
541 2103 611 2150 oum
642 2085 733 2150 hoste
764 2103 963 2170 congressum
986 2101 1062 2163 esse,
1086 2083 1141 2148 sed
1164 2081 1287 2147 dixerat

212 2194 252 2262 (v.
278 2187 371 2268 1237)
395 2190 522 2254 Aiacem
545 2190 666 2269 nullum
688 2192 857 2272 pericnlum
881 2191 993 2262 adisse,
1015 2189 1098 2272 qnod
1113 2207 1173 2254 non
1187 2187 1285 2253 simnl,

211 2296 404 2377 Agamemno
436 2295 502 2377 ipse
533 2297 658 2370 adisset,
690 2296 722 2362 in
755 2296 873 2362 nullum
907 2295 1065 2380 pugnandi
1087 2296 1189 2362 looum
1210 2313 1283 2378 pro·

211 2417 350 2482 gressum
374 2418 451 2486 esso,
475 2421 534 2485 quo
557 2422 613 2468 non
637 2406 832 2488 Agamemno
853 2421 1031 2487 progressus
1061 2403 1157 2478 esset3
1192 2420 1279 2466 snam

210 2501 335 2572 landem
362 2526 432 2572 oum
459 2508 564 2576 Aiacis
594 2511 807 2594 aequipararat.
861 2509 951 2574 Hane
971 2510 1071 2591 ipsam
1095 2509 1283 2574 sententiam

211 2610 330 2676 Teneor
359 2612 419 2678 hoo
451 2612 520 2679 loeo
549 2617 774 2700 Agamemnoni
806 2615 933 2693 tribuit;
961 2614 1122 2681 lenissima
1143 2615 1225 2680 enim
1249 2615 1284 2679 et

211 2715 384 2783 certissima
407 2719 620 2785 emendatione
642 2721 837 2787 scribendum
860 2724 925 2786 eet:

312 2817 352 2888 ὃν
373 2816 532 2911 οὐδαμοῦ
552 2822 631 2916 φῄς,
654 2815 703 2894 οὗ
724 2822 772 2894 ον’
793 2819 865 2912 μή,
886 2826 1017 2913 βῆναι
1040 2824 1133 2905 ποδί,

210 2928 352 2995 honest:
375 2949 465 3013 quem
487 2932 524 2997 tn
545 2952 639 3018 negas
659 2935 724 3000 ullo
746 2933 811 3000 loeo
833 2952 1028 3018 progressum
1052 2951 1129 3006 esse,
1150 2932 1203 2997 ubi
1220 2949 1281 2996 non

211 3038 277 3116 ipse
291 3054 471 3120 progressus
486 3039 538 3104 εἰε.
562 3039 640 3106 Cnm
656 3059 755 3107 errore
771 3048 807 3106 ex
822 3035 863 3106 od
878 3035 930 3125 μή
944 3041 1052 3127 βῆναι
1068 3040 1183 3106 tantum
1199 3038 1283 3104 esset

212 3141 396 3228 συμβῆναι,
419 3145 458 3209 ad
480 3164 604 3212 veroum
625 3148 807 3232 explendum
830 3167 884 3231 pro
906 3133 947 3212 οὗ
963 3145 1113 3229 seriptum
1128 3147 1178 3211 ent
1192 3136 1279 3211 οὐδὲ.

286 3302 294 3316 .
362 3249 458 3315 1290:

311 3349 468 3441 δύστηνε,
491 3371 552 3423 roei
571 3360 710 3444 βλέπων
732 3354 809 3427 ποτ’
830 3352 917 3427 oriani
942 3361 996 3427 ναλ
1019 3365 1140 3444 θροεῖς
1147 3384 1160 3438 ,·
1221 3343 1223 3350 Ι

209 3458 382 3527 Pronomen
405 3457 493 3530 adad
516 3484 637 3542 prorsus
664 3487 807 3552 perverse
835 3469 958 3552 ponitur
980 3466 1018 3531 de
1040 3465 1087 3545 ἰίε,
1110 3485 1179 3550 quae
1200 3462 1279 3528 alter

211 3569 428 3652 (Agamemno)
450 3570 569 3638 dixerat
590 3579 663 3649 („ea
685 3569 780 3635 diois“
810 3591 863 3654 pro
893 3591 938 3650 eo,
967 3573 1049 3656 quod
1071 3576 1120 3638 est
1143 3573 1223 3646 „iota
1243 3587 1281 3634 ao

210 3674 336 3752 talia“);
369 3679 490 3760 poterat
523 3678 582 3743 diei
614 3675 735 3755 ταῦτα,
773 3676 827 3742 sed
859 3678 890 3742 id
924 3696 1030 3742 verane
1065 3698 1125 3744 non
1161 3675 1277 3760 recipit.

210 3779 315 3846 Etiam
339 3789 423 3850 nord
444 3785 474 3847 in
496 3784 555 3849 hae
582 3785 790 3867 interrogandi
817 3785 917 3850 forma
945 3792 1019 3863 (ποῑ
1041 3788 1190 3870 βλέπων)
1212 3803 1278 3867 per-

1351 3775 1353 3918 λ

211 3903 331 3952 rerenm
366 3890 423 3968 est,
457 3889 538 3971 quod
561 3896 677 3955 reatum
701 3899 791 3970 esset,
820 3893 845 3956 εἰ
874 3893 917 3956 εἰσ
939 3892 1106 3958 diceretur:
1138 3893 1171 3958 σι’
1194 3915 1274 3958 ποτε
1352 3921 1353 3936 1

208 3994 356 4077 βλέπων.
386 3995 586 4060 Scribendum
608 3997 669 4060 est:

310 4094 468 4186 δύστηνε,
483 4114 544 4166 πσῑ
557 4103 695 4186 βλέπων
717 4105 889 4170 annedae
914 4105 969 4170 καὶ
991 4111 1128 4188 donem
