2728 4582
484 279 670 334 miscellanea.
1030 283 1068 345 81
1097 251 1102 260 ’

54 468 116 560 γαρ
136 470 197 560 τη“ν
218 474 403 562 ε’μπσίησιν
424 468 540 543 ου’τών
560 468 693 562 ταύτην
716 521 725 540 .
749 521 757 540 .
780 524 789 543 .
814 525 823 544 .
846 471 1058 546 ἐντονώτατοὶ
1082 482 1115 545 σῖ

56 583 288 666 προσέβαλλον.
343 582 439 648 Nulla
470 583 522 649 hio
555 585 736 670 ἐμπσίησιο
769 583 922 670 (adoptio)
953 588 1027 661 erat,
1061 585 1116 652 sed

56 688 218 774 πτσιήσι
228 712 259 767 ς,
272 689 355 754 furor
367 691 399 754 ot
409 690 575 756 instinctus
586 690 819 775 superstitiosus
834 686 915 777 (την
926 691 1114 778 πτοίησιν).

145 831 222 896 Ibid.
246 830 303 894 53:
325 829 370 920 νη
392 823 456 918 γάρ
479 855 546 897 τινι
566 824 655 917 πρός
669 833 713 922 τῇ
729 826 819 920 νήσῳ
836 829 923 920 οὔσῃ
938 828 1116 922 προσσχιδν

57 930 75 1003 (i
97 931 154 1020 τη“ν
175 931 368 1022 ἠγεμονίαν
393 938 486 1023 σφῶν
508 945 592 1024 ἔχων
614 963 641 1004 κ.
657 964 688 1004 τ.
701 941 730 1005 λ.
774 939 860 1005 Nihil
882 941 1011 1022 periculi
1032 941 1115 1006 mili-

61 1042 135 1110 tibus
157 1045 278 1117 suisset,
302 1045 328 1108 si
350 1045 381 1110 in
403 1047 516 1110 terram
540 1047 648 1112 insuiee
668 1045 860 1112 adiacentem
887 1047 1017 1130 expositi
1040 1047 1117 1112 tuin·

57 1151 127 1225 seut,
149 1169 337 1234 quamquem
361 1151 461 1217 totum
484 1152 543 1217 hoo
565 1153 603 1218 de
626 1154 708 1216 terre
734 1152 845 1218 iusuiae
866 1151 1020 1218 adiuuenti
1041 1153 1117 1218 ridi-

57 1257 151 1320 culum
175 1258 240 1332 est;
270 1259 360 1322 terris
390 1257 471 1323 enim
493 1257 601 1322 insulae
623 1257 773 1324 adiuuent.
828 1259 1030 1324 Scribonium
1052 1260 1117 1323 sine

57 1363 137 1428 dubio
162 1369 296 1450 πέτρη
317 1357 383 1451 yu'o
401 1389 431 1430 κ.
448 1391 478 1430 τ.
495 1365 523 1429 λ.
563 1363 710 1428 Mendum
734 1369 837 1430 orium
859 1365 983 1430 uidetur
1004 1365 1117 1430 hausta

57 1472 169 1556 propter
190 1469 423 1536 similitudinem
447 1470 605 1553 partieuiae
625 1465 690 1556 γάρ
713 1471 812 1536 ultera
835 1471 917 1536 vocis
940 1472 1069 1556 syllaba.

146 1613 213 1691 XL,
237 1613 276 1676 59
300 1613 353 1696 (de
376 1611 509 1694 Sulpicio
539 1612 662 1678 consule
693 1631 720 1676 a.
743 1614 779 1674 51
806 1612 968 1678 resistente
990 1612 1045 1686 δι.
1064 1612 1117 1696 qui

55 1716 158 1784 Caesari
180 1737 386 1784 successorem
407 1719 438 1783 iu
461 1719 596 1784 Galliam
618 1719 702 1783 mitti
736 1718 914 1803 volebant):
946 1721 999 1787 καὶ
1023 1714 1118 1804 αὐτῷ

57 1820 127 1893 ὅτε
150 1826 357 1899 Σουλπίκιος
386 1827 441 1892 καὶ
470 1827 539 1892 τών
568 1819 749 1912 δημάρχων
777 1829 866 1899 τινὲς
888 1819 1118 1913 α’ντέπσαξαν,

57 1922 141 2000 οὗτοι
163 1937 230 2020 μὲν
251 1934 293 2023 τῇ
316 1927 402 2021 πρὸς
417 1928 480 2000 τόν
494 1933 654 2016 Καίσαρα
669 1925 788 2020 χάριτι·
813 1937 941 2008 ἐκεῖνος
957 1928 986 2001 δ’
1001 1928 1120 2009 αὐτοῖς

58 2036 250 2110 ἐκοινώσατο
281 2042 335 2106 καὶ
365 2036 418 2108 ὅτι
448 2053 519 2114 τοῖς
547 2040 686 2113 πολλοῖς
719 2032 781 2107 οὐκ
814 2037 936 2126 η”ρεσκε
969 2036 1008 2108 τό
1040 2067 1117 2110 τινα

17 2155 18 2162 ’
57 2143 174 2230 μεταξύ
198 2145 343 2236 ἄρχοντα
372 2147 482 2232 μηδὲν
510 2140 693 2233 ἠδικηκότα
727 2149 920 2232 παυθῆναι.
978 2149 1121 2214 oenenat

17 2237 18 2288 3
60 2256 162 2321 saitem
191 2255 251 2321 dici
282 2251 333 2322 ὅτι
363 2254 512 2327 καὶτοῖς
543 2255 699 2333 πολλοῖς;
732 2273 838 2320 verum
870 2253 1027 2337 Sulpicius
1059 2273 1119 2318 non

59 2363 231 2428 movebatur
264 2363 370 2445 populi
402 2363 571 2446 uoluntate,
604 2361 659 2426 sed
690 2380 745 2426 suo
769 2361 806 2426 de
828 2361 893 2424 inre
915 2359 1028 2424 iudicio
1050 2377 1119 2440 per·
1193 2365 1196 2372 ’

18 2451 19 2456 ¹
60 2468 227 2542 ducebatur,
259 2470 293 2532 nt
322 2470 455 2535 tribunis
485 2470 517 2532 et
546 2467 742 2532 multitudini
769 2485 802 2532 se
823 2466 854 2530 in
878 2466 933 2530 hee
957 2485 988 2529 re
1011 2465 1120 2530 adiun-

57 2578 145 2657 geret.
199 2575 399 2641 scribendum
432 2575 546 2659 igitur:
580 2568 698 2648 αὐτοῖς
727 2566 927 2640 ἐκοινώσατο
951 2572 1121 2646 καὶτοῖς

62 2685 246 2758 πολλοῖς,
269 2677 332 2748 ὅτι
356 2675 418 2749 οὐκ
443 2678 564 2767 η’ρεσκε
588 2706 615 2748 κ.
637 2707 666 2749 τ.
690 2683 719 2747 λ.

151 2825 229 2890 Ibid.
254 2824 293 2886 62
323 2825 375 2903 (de
396 2824 429 2890 C.
452 2823 591 2902 Curione,
626 2822 679 2904 qui
712 2823 802 2887 auten
836 2821 989 2886 Caeserem
1020 2819 1121 2902 speeie

60 2930 251 3014 oppugnandi
285 2949 392 3012 reapse
424 2929 604 3007 adiuvisset,
638 2928 742 3010 aperte
771 2928 832 2992 iam
863 2927 991 2992 Caesaris
1020 2931 1122 3009 partes

61 3039 220 3118 amplexo):
250 3041 285 3102 ἐκ
315 3039 378 3104 του
400 3038 550 3123 φανεροῦ
579 3033 646 3123 η’δη
668 3029 709 3101 τοὶ
732 3035 796 3101 τοῦ
815 3033 991 3117 Καίσαρος
1013 3033 1122 3099 διαδι-

63 3145 169 3219 καιῶν,
190 3139 310 3230 ἐπειδη
325 3146 434 3231 μηδὲν
450 3139 523 3211 κατ’
538 3137 648 3212 ου’τσυ
662 3143 775 3228 δῆθεν
790 3133 952 3226 ἠδυνήθη
968 3141 1122 3225 ποιῆσαι,

62 3249 125 3315 πᾶν
145 3247 165 3317 ὅ
187 3276 220 3316 τι
251 3255 333 3317 ποτὲ
367 3250 532 3338 ἐνεδέχετο
567 3247 609 3318 οὐ
643 3249 808 3338 δεχθῆναι
842 3253 1034 3336 προΐσχετο,
1070 3249 1123 3314 καὶ

62 3350 198 3438 μάλισθ’
232 3353 284 3424 ὅτι
318 3349 453 3433 πάντας
484 3352 565 3433 τούς
598 3352 640 3425 uui
661 3353 764 3425 Ιὅπλα
798 3365 935 3445 ἔχοντας
955 3350 1063 3422 ταῦτα’
1087 3381 1123 3422 τε

65 3469 273 3532 καταθέσθαι
302 3467 356 3532 καὶ
387 3461 428 3532 uui
458 3457 673 3552 reperimur
705 3465 861 3532 διαλῦσαι
890 3457 952 3551 χρη
984 3488 1011 3529 κ.
1042 3490 1070 3529 τ.
1094 3465 1123 3530 λ.

66 3569 287 3659 διδαχθῆναι
310 3573 386 3638 nihil
409 3573 490 3639 effici
519 3574 631 3655 potest,
661 3572 742 3656 quod
766 3571 927 3638 seutentiae
957 3569 1124 3651 conveniet,

66 3672 224 3746 σύσσιτοι
247 3697 371 3761 prorsus
400 3681 564 3746 barbarum
586 3681 635 3746 est
655 3680 686 3743 in
709 3678 766 3743 hue
788 3697 857 3743 enm
879 3675 1031 3742 infinitivo
1053 3694 1124 3740 oon-

67 3783 218 3853 iunutioue.
271 3787 361 3852 Curio
396 3787 539 3870 quoniam
573 3785 649 3852 nihil
682 3785 802 3851 seilicet
834 3785 939 3850 contra
973 3781 1123 3846 Caesareru

67 3890 175 3958 efficere
197 3897 340 3975 potuerat
363 3899 413 3975 (-
438 3894 496 3958 hue
516 3893 600 3958 euim
622 3893 722 3974 speeie
744 3891 896 3969 utebatur,
927 3890 1039 3974 δῆθεν
1062 3893 1123 3967 -i,

69 4015 98 4062 eu
118 4002 246 4087 transiit,
270 4002 305 4064 ut
327 4001 438 4078 omnia,
469 4018 536 4082 quae
565 3997 629 4063 ulio
659 3997 750 4064 modo
773 3997 885 4063 Gaeeari
907 3994 1031 4062 concedi
1054 4011 1124 4075 pos-

68 4107 134 4184 sent,
156 4110 339 4190 proponeret
362 4110 393 4171 et
414 4105 650 4188 praeseferret:
674 4107 746 4171 πᾶν
760 4098 781 4169 ὅ
796 4130 828 4170 τι
845 4107 927 4170 ποτὲ
944 4100 1124 4185 ἐνεδέχετο,

907 4219 924 4272 6
