2712 4576
290 254 349 315 m
648 253 907 322 mmmm

242 452 324 516 sisse
370 449 474 519 Cicero
519 451 658 520 videtur:
708 451 868 516 Iniuria
901 449 1158 533 postulabam
1201 445 1317 532 itaque

245 557 409 626 ridebere.

348 727 426 792 lbid.
448 729 506 792 73:
538 727 627 791 Hac
654 727 716 790 est
742 724 882 806 iniqua
909 724 1100 796 certatio,
1124 741 1199 788 nou
1221 722 1316 796 illa,

244 835 386 917 quatu
408 836 549 899 contra
570 832 758 897 Alienum
788 830 1019 914 equitabam
1048 829 1140 895 huic
1169 847 1214 893 ue
1246 828 1316 892 ubi

247 937 497 1006 consisteret
518 937 679 1023 quidem
702 941 842 1003 contra
863 938 912 1014 te,
935 935 1064 1002 locum
1086 934 1314 1018 reliquisti.

249 1047 297 1111 Ne
318 1045 369 1113 hic
390 1047 515 1128 quidem
538 1045 683 1110 mendum
705 1043 830 1128 coargui
849 1061 926 1126 opus
942 1045 1000 1118 est,
1016 1041 1159 1124 qnoniam
1178 1040 1314 1105 omnium

247 1171 400 1218 consensu
429 1151 626 1218 manifestum
659 1151 715 1215 est
768 1152 906 1233 Apparet
931 1148 1102 1214 desiderari
1133 1166 1192 1213 uon
1215 1147 1315 1212 solnm

244 1260 471 1326 absolutionem
483 1256 643 1323 sententiae
654 1257 763 1342 prioris
779 1261 865 1340 (qua
885 1257 927 1321 tn
946 1257 1086 1320 contra
1102 1253 1314 1330 Alienumt

248 1366 301 1430 sed
323 1366 475 1448 praeterea
495 1363 621 1448 aliquid,
644 1362 694 1429 cni
715 1363 903 1428 contrarium
926 1363 1107 1428 subiiciatur
1125 1360 1202 1425 hoc:
1224 1359 1317 1423 huic

248 1493 294 1536 ne
316 1476 392 1550 cet.;
427 1491 498 1536 nam
530 1467 701 1553 praecedere
730 1468 821 1534 debet
850 1469 993 1552 aequioris
1021 1487 1089 1534 curn
1113 1465 1223 1531 Alfeno
1245 1485 1316 1530 eon-

249 1579 428 1644 certatiouis
461 1575 644 1661 significatio
677 1579 709 1640 et
740 1593 851 1640 nomeu
887 1577 942 1640 ant
974 1592 1150 1659 pronomen,
1174 1573 1223 1638 cni
1244 1591 1316 1636 con-

250 1683 379 1746 trarium
401 1683 554 1747 referatur
574 1681 675 1746 huic.
721 1681 933 1765 Depravandae
961 1681 1107 1748 orationis
1139 1698 1232 1745 causa
1260 1679 1316 1742 fuit

250 1787 317 1852 siue
339 1789 432 1854 dubio
455 1790 502 1853 bis
524 1789 661 1871 positum
682 1787 786 1852 Alieni
808 1808 919 1853 nomen
943 1789 975 1853 et
996 1787 1077 1853 oculi
1099 1787 1137 1852 ab
1158 1786 1256 1850 altero
1279 1783 1315 1848 ud

250 1894 381 1959 alterum
417 1914 528 1960 nomen
556 1894 715 1960 aberratio.
770 1893 873 1960 Cicero
903 1894 986 1960 enim
1016 1893 1055 1958 ad
1085 1893 1166 1958 hanc
1187 1893 1314 1957 sormam

244 2001 431 2084 scripserat:
460 2001 550 2065 Haec
572 2000 634 2065 est
655 2001 794 2082 iniqua
815 2000 1010 2074 certatio,
1032 2018 1107 2064 uon
1127 1999 1222 2076 illa,
1245 2016 1315 2081 que

250 2110 291 2170 tu
328 2112 468 2173 contra
503 2107 691 2173 Alfenum
728 2108 949 2188 <utebare
986 2105 1156 2190 Aliquid
1185 2106 1314 2169 tamen

250 2211 438 2296 Alfeno>
470 2215 554 2302 aqui
586 2211 703 2287 dabas3
735 2211 829 2277 huic
860 2231 905 2277 ue
938 2214 1066 2278 ubi-
1088 2249 1129 2258 -
1150 2248 1191 2259 -
1216 2212 1313 2276 reli·

246 2319 391 2402 quisti.
435 2321 483 2385 De
505 2319 635 2405 singulis
658 2319 757 2384 verbis
780 2319 859 2383 nihil
882 2319 1030 2385 affirmari
1051 2320 1164 2402 potest.

350 2485 412 2552 Pro
434 2484 549 2552 Roscio
571 2485 651 2551 dom.
677 2487 733 2549 17:
767 2483 803 2564 Q.
826 2485 996 2550 Roscius
1028 2522 1069 2533 -
1102 2482 1205 2562 Quid
1233 2484 1312 2547 ais?

247 2589 404 2668 Nonne,
435 2594 479 2655 ut
510 2590 620 2674 iguis
651 2590 691 2653 in
720 2607 859 2672 aquarn
889 2589 1098 2658 coniectus
1120 2590 1311 2655 continuo

251 2696 530 2778 restinguitur
551 2698 590 2760 et
612 2696 899 2780 refrigeratur,
922 2697 982 2762 sie
1004 2697 1213 2764 refervens
1237 2696 1312 2760 tal-

243 2819 331 2864 sum
361 2799 511 2866 crimen
541 2800 580 2866 in
610 2802 868 2885 purissimam
898 2807 937 2869 et
958 2803 1310 2870 castissimamvvi·
1342 2851 1343 2870 r

249 2910 326 2972 tam
357 2905 553 2973 collatum
581 2908 724 2974 statim
747 2910 928 2975 concidit
950 2914 989 2976 et
1010 2909 1310 2995 exstinguitur?

249 3047 289 3060 -
322 3011 492 3079 Roscius
525 3012 677 3080 socium
709 3015 928 3082 fraudavit.
971 3015 1115 3081 Potest
1145 3015 1218 3080 hoe
1247 3015 1309 3079 bo·

248 3117 345 3184 ruini
379 3118 472 3185 huie
492 3119 641 3187 harere
662 3116 893 3204 peecatum?
934 3122 1073 3207 Apparet
1103 3120 1309 3186 referrens

242 3226 395 3291 crimen
418 3245 472 3309 per
493 3245 528 3290 se
550 3246 641 3310 prave
665 3230 698 3293 et
718 3229 866 3294 inusitato
888 3227 960 3301 dici.
982 3228 1010 3294 si
1026 3247 1096 3293 cnm
1118 3227 1305 3293 collatum

246 3334 461 3417 coniungatur,
498 3333 734 3400 alterumutrum
763 3335 959 3419 participium
990 3353 1116 3417 prorsus
1148 3335 1305 3408 abundare,

242 3457 317 3504 cum
345 3440 516 3520 prasertim
545 3439 603 3504 boc
633 3441 871 3523 comparationis
898 3441 1071 3508 membrum
1099 3441 1249 3523 superiori
1268 3439 1306 3506 sic

246 3544 440 3626 respondeat,
471 3545 504 3608 ot
531 3544 650 3610 duobus
678 3548 780 3613 verbis
802 3548 1094 3633 (restinguitur
1122 3551 1162 3613 et
1188 3546 1304 3612 refri-

243 3651 425 3734 geratur)
461 3649 520 3714 duo
556 3651 649 3716 verba
684 3656 890 3737 exaeqnentur,
927 3655 980 3720 uui
1016 3653 1180 3738 participio
1216 3673 1302 3720 unum

241 3754 440 3838 participium
470 3756 576 3848 reterri
606 3757 726 3833 debeat,
749 3757 810 3826 dno
831 3761 943 3826 vitiose
964 3761 1146 3828 reserantur.
1206 3761 1302 3826 Cicero

246 3861 409 3944 scripserat
430 3865 569 3932 tantum:
599 3864 657 3930 sie
685 3866 895 3933 referrens
925 3868 1072 3934 falsum
1099 3865 1247 3934 crimen
1267 3866 1300 3929 iu

245 3966 503 4051 purissimam
532 3975 570 4039 et
598 3971 874 4040 castissimam
905 3975 1029 4040 vitam
1050 3973 1194 4040 statim
1218 3991 1301 4040 eon·

242 4074 352 4140 cidit
373 4078 412 4140 et
434 4076 736 4161 exstinguitur?
765 4078 815 4143 Ad
831 4080 1098 4164 interpretandum
1109 4079 1300 4164 participium
1339 4089 1340 4110 ¹
