2740 4572
289 272 350 335 246
654 275 716 330 utu.
735 275 770 329 11.
790 275 855 345 cap.
872 277 904 329 v.

250 468 330 534 Nam
354 468 436 534 viam
458 471 525 554 ipso
548 471 702 536 montium
723 471 870 537 vocabulo
893 471 1059 554 significari
1074 489 1195 553 prorsus
1212 469 1333 552 inepte

248 574 424 659 fingeretur,
448 578 591 660 quoniam
615 578 755 643 incursus
779 597 833 661 per
854 581 975 644 montes
995 578 1167 642 contrarius
1188 581 1239 642 est
1261 578 1334 640 viae

249 681 350 762 planis
373 681 449 748 locis
471 685 607 749 munita.
641 684 818 750 Admodum
841 685 980 766 suspicor
1002 683 1152 748 a'laoito·
1165 683 1331 766 scriptum

249 787 358 862 fuisse:
381 787 457 856 alii
480 789 532 856 via
553 790 666 854 inter
686 792 892 873 <moutes>
916 789 1205 874 Mosellamque
1239 791 1333 854 llu-

249 914 334 960 men
351 897 418 972 eet,
435 914 627 978 erroremque
644 897 792 962 obiecisse
807 895 958 980 syllabam
976 915 1033 961 mo
1048 896 1136 961 initio
1154 895 1332 978 utriusque

250 1000 383 1066 nominis
405 1002 549 1082 positam.

351 1163 430 1230 lbid.
453 1167 490 1242 V,
513 1168 532 1227 4
555 1167 620 1244 (ubi
643 1166 746 1252 agitur
768 1165 805 1232 de
829 1168 938 1246 causis,
965 1185 1021 1232 cur
1041 1167 1174 1250 septimo
1196 1184 1332 1250 quoque
1358 1180 1359 1184 ’

252 1270 304 1335 die
324 1271 422 1336 ludaei
443 1267 541 1336 otium
563 1277 685 1356 agano:
716 1292 786 1338 seu
807 1273 909 1356 quod
931 1253 1150 1356 de'septem
1173 1272 1332 1336 sideri-

250 1377 340 1455 bus,
362 1377 451 1461 quis
474 1379 666 1444 mortales
689 1385 902 1464 reguntur,
932 1378 1140 1444 altissimo
1165 1379 1261 1442 orbe
1289 1383 1333 1443 et

251 1483 451 1566 praecipua
488 1484 672 1568 potentia
707 1486 834 1552 stella
867 1485 1035 1552 Saturni
1068 1485 1241 1559 teratur,
1283 1503 1360 1570 aol

251 1590 444 1674 pleraque
477 1591 701 1657 caelestium
735 1592 812 1656 vim
846 1611 953 1656 suam
987 1594 1027 1656 et
1058 1610 1197 1658 cursus
1229 1609 1331 1672 sep·
1359 1591 1360 1594 ’

252 1695 373 1761 timos
402 1716 471 1778 per
493 1691 683 1764 'numeros
715 1701 994 1764 commearent.
1048 1699 1099 1764 Sic
1120 1697 1213 1792 codex
1237 1695 1329 1760 bled.

253 1799 373 1892 Omitto
396 1803 601 1884 substitutum
629 1806 659 1869 in
689 1801 796 1870 multis
826 1805 1013 1872 editionibus
1047 1824 1083 1870 ex
1115 1802 1330 1868 deterioribus

252 1905 408 1972 codicibus
431 1909 615 1998 infinitivum
637 1930 875 1990 commeare,
907 1913 1030 1978 sublata
1051 1909 1196 1976 orationis
1220 1909 1330 1974 ochse—
1360 1914 1361 1944 l

253 2014 360 2102 nentia,
384 2016 633 2100 accusativosque
655 2004 731 2082 vim
756 2020 787 2082 et
809 2036 950 2084 cursus
965 2020 997 2083 in
1014 2016 1165 2082 ablativos
1183 2018 1329 2107 mutatos

253 2137 323 2206 eum
346 2120 527 2187 inanissima
547 2123 735 2190 abundantia
751 2107 810 2200 (vi'
824 2129 863 2189 st
886 2141 1003 2188 cursu
1025 2140 1245 2188 commeare
1271 2142 1329 2204 pro

253 2244 298 2305 eo,
325 2222 406 2309 quod
432 2225 480 2293 est
501 2227 631 2311 simplex
655 2238 898 2308 commeare).
921 2297 923 2302 ,
950 2229 1045 2300 Recte
1068 2229 1190 2311 Lipsius
1213 2229 1246 2291 et
1269 2229 1328 2292 alii
1361 2280 1362 2308 p

251 2331 449 2419 transitivum
470 2335 597 2401 verbum
620 2335 734 2422 requiri
755 2315 987 2412 intellexerant3
1010 2335 1064 2402 sed
1079 2333 1161 2418 quod
1182 2333 1328 2417 plerique
1361 2359 1362 2372 2

251 2428 479 2526 o'onliciant
500 2441 591 2507 scribi
613 2443 785 2521 voluerunt,
817 2447 850 2507 et
879 2440 1001 2526 longius
1023 2441 1154 2506 discedit
1175 2459 1193 2504 a
1216 2452 1328 2504 com-

253 2551 431 2630 mearent
464 2546 495 2612 et
527 2548 629 2614 miuus
661 2537 821 2615 sententies
854 2552 961 2630 aptum
1000 2549 1065 2624 est;
1101 2565 1200 2630 neque
1238 2548 1325 2610 enim

252 2644 353 2716 sidera
374 2653 477 2717 omnia
498 2645 604 2722 cur'sus
626 2655 774 2730 conficere
795 2674 851 2738 per
872 2653 1021 2737 septimos
1041 2671 1185 2719 numeros
1198 2654 1323 2716 veteres

254 2757 405 2836 putabant
427 2760 496 2835 (hoe
530 2764 586 2840 est,
619 2781 674 2846 per
705 2765 824 2844 septem
853 2781 949 2827 annos
979 2777 1139 2826 mensesue
1168 2757 1327 2834 cnidiae,

255 2861 314 2925 etsi
336 2861 499 2928 dicendum
523 2869 589 2931 erat
609 2885 678 2948 per
708 2870 898 2951 septenos
929 2873 1140 2945 numeros),
1163 2862 1228 2941 sed,
1252 2882 1324 2928 oum

253 2965 315 3031 alia
344 2968 421 3034 alios
454 2989 560 3037 cursus
594 2973 749 3052 habereut,
783 2973 916 3057 septimo
946 2991 1067 3057 quoque
1097 2988 1174 3036 auno
1204 2974 1260 3034 aut
1289 2987 1325 3032 eo

256 3090 383 3139 numero
406 3072 609 3162 multiplicato
637 3079 677 3146 ad
705 3080 840 3146 similem
870 3079 1024 3164 quendam
1053 3079 1171 3142 statum
1198 3077 1232 3140 et
1253 3093 1325 3140 cur-

255 3177 345 3245 sirum
377 3186 559 3266 concentum
593 3187 703 3251 redire.
757 3187 857 3254 Huius
890 3187 936 3252 rei
968 3183 1156 3270 significatio
1192 3181 1327 3247 efficitur

254 3284 413 3353 lenissima
435 3287 624 3378 mutatione:
651 3294 729 3380 vim
750 3293 921 3362 suamet
946 3309 1087 3358 cursus
1109 3289 1187 3366 (sive
1208 3306 1245 3352 ex
1268 3287 1327 3352 de-

205 3451 206 3456 ,
254 3391 419 3462 leuioribus
453 3394 540 3468 libris
565 3417 733 3490 ¹cursum
765 3400 896 3464 scribere
928 3394 1326 3479 malumus).septimos

256 3517 325 3581 per
346 3515 531 3570 numeros
553 3507 752 3591 comparent.
774 3499 775 3504 ’
1160 3491 1164 3502 ’

296 3692 300 3734 1
341 3667 431 3734 ibid.
465 3669 521 3734 22:-
554 3675 677 3754 usque
703 3671 755 3736 ad
784 3671 1012 3738 fallendum
1039 3666 1230 3742 silentio,
1269 3667 1325 3730 ita

255 3775 527 3854 emptaoaede,
550 3795 624 3860 quo
646 3779 735 3861 plus
757 3776 934 3844 terroris
952 3772 1167 3851 adderent,
1184 3775 1327 3837 cuneta

256 3877 503 3955 clamoribus
524 3885 761 3950 miscebant.
800 3879 972 3948 Durissimo
994 3881 1045 3946 rel
1066 3879 1171 3963 potius
1193 3879 1324 3944 incredi-

255 3981 314 4051 bili
347 3991 511 4070 zeugmate
542 3989 716 4055 silentio
753 3990 951 4074 coniungitur
983 4001 1054 4051 oum
1089 3983 1142 4050 illo
1181 3987 1326 4052 cuneta

254 4084 504 4160 clamoribus
527 4096 768 4172 miscebant,
792 4096 938 4178 quoniam
960 4091 1045 4158 nulla
1066 4092 1116 4156 est
1136 4088 1326 4156 intermedia
