2728 4582
497 255 658 310 Athenaeus.
1030 253 1070 316 63

44 451 268 528 comedebui“),
309 452 390 534 apud
423 451 612 535 Diogenem:
646 447 742 535 ἄρας,
777 446 863 524 οἷος
894 441 951 536 ἦν,
981 445 1118 536 κατή-

44 559 224 633 utitem

139 701 176 765 Ρ.
194 699 257 761 402
278 698 309 764 b.
340 696 384 762 Ut
406 697 633 762 demonstretur
653 698 685 762 in
709 698 801 762 Italia
816 697 981 781 Siciliaque
1003 717 1112 781 aprum

41 805 190 886 appellari
213 797 409 890 α’σχέδαρσν,
442 805 598 884 ponuntur
632 823 738 870 versus
772 805 830 868 duc
863 802 986 870 Scleriae
1009 804 1116 886 poetes

41 910 210 986 Tarentini,
233 911 287 994 qui
310 905 462 996 φλύακας
484 911 664 993 scripserat:

116 1011 228 1084 Ἔνθ’
252 1016 329 1083 οὔτε
352 1011 485 1100 ποιμήν
507 1009 594 1092 οἷξιοῑ
616 1021 733 1102 νέμειν
753 1011 841 1101 ,Burri

120 1117 197 1189 οὔτ’
219 1117 405 1210 αόχὲδωρος
427 1116 619 1210 νεμόμενος
641 1118 861 1208 καπρώζεται.

136 1256 243 1337 Atque
265 1252 344 1319 huuc
366 1252 548 1332 scripturam
564 1254 595 1316 iu
610 1255 711 1331 verbo,
727 1253 810 1335 quud
826 1252 874 1318 est
890 1247 1112 1336 καπρώζεταιἸ

41 1358 202 1424 confirmat
215 1360 395 1425 unstarnius
418 1358 472 1444 (ad
491 1359 547 1424 Oc.
567 1358 653 1434 XIX,
669 1359 745 1443 439)
766 1359 948 1424 auctoritate
967 1355 1110 1422 Atheuaei

41 1467 137 1541 utens,
174 1466 208 1530 in
241 1485 300 1550 quo
332 1467 436 1530 tamen
469 1467 536 1547 ipso
569 1464 715 1530 vocabulo
748 1465 953 1530 certissimum
987 1464 1109 1529 tenetur

40 1571 196 1637 ruendum.
219 1572 300 1636 Nam
314 1589 413 1654 neque
429 1565 672 1655 ιαπραὶζεσθαι
684 1590 738 1652 pro
751 1588 795 1650 eo,
809 1570 890 1654 quod
902 1573 949 1634 est
961 1568 1107 1652 ααιιρᾶν,

42 1682 89 1740 aut
110 1676 188 1743 alibi
210 1677 360 1760 reperitur
381 1684 434 1742 eut
456 1677 520 1742 ulla
541 1679 682 1761 analogia
710 1677 894 1752 defenditur,
911 1695 1019 1759 ,neque
1046 1674 1109 1741 loci

42 1781 266 1867 herbarumque
288 1783 488 1848 insalubritas
510 1795 561 1859 (-
581 1803 650 1848 eam
665 1783 747 1849 euim
764 1787 888 1865 aposta
901 1781 1110 1867 significatam-

44 1904 104 1952 esse
138 1889 426 1955 manifestissimum
460 1890 509 1954 est
541 1909 576 1955 ex
597 1891 714 1955 verbis:
742 1883 849 1956 Ἔνθ’
872 1885 950 1956 οὔτε
973 1885 1110 1976 ποιμήν

43 1985 124 2068 α’ξισῑ
146 2002 266 2080 νέμειν
287 1990 374 2081 flocci
396 2003 449 2073 -)
472 2014 508 2060 ex
530 2015 565 2061 eo
588 1995 771 2074 ostenditur,
794 1997 873 2079 quod
895 2016 969 2080 aper
987 1998 1031 2062 ibi
1045 1993 1107 2061 riou

43 2099 170 2178 lascivit,
195 2106 273 2187 quod
297 2103 397 2186 potius
419 2102 549 2168 salubris
571 2102 721 2184 pastionis
737 2101 884 2168 iudicium
901 2105 957 2169 est.
995 2103 1107 2168 Dicen-

45 2206 111 2272 dum
143 2213 221 2288 erat,
254 2229 294 2274 ne
327 2228 434 2291 aprum
464 2209 588 2292 quidem
616 2208 649 2272 iu
677 2208 731 2274 illo
753 2211 819 2275 loco
841 2210 966 2292 impune
988 2210 1021 2274 et
1041 2211 1113 2273 siue

44 2311 143 2379 fraude
177 2317 270 2398 pasci,
304 2315 398 2399 idque
430 2317 522 2397 poeta
558 2313 635 2379 dixit
668 2316 759 2380 verbo
791 2314 823 2378 in
854 2315 913 2380 hoc
943 2313 1107 2381 seutentiae

45 2436 146 2500 geuene
168 2419 286 2486 usitato
307 2425 337 2485 et
361 2422 533 2486 litterarum
556 2421 699 2487 ductibus
721 2420 897 2486 simillimo:

114 2523 224 2593 Ἔνθ’
246 2523 324 2593 οὔτε
348 2524 482 2612 ποιμήν
504 2521 591 2604 α’ξιοῖ
612 2534 729 2612 νέμειν
749 2521 836 2613 (torri

121 2625 194 2700 οὔτ’
216 2625 400 2718 αόχὲδωρος
422 2628 615 2719 νεμόμενος
638 2635 997 2718 καταπροΐξεται.

46 2755 109 2824 Nou
141 2763 223 2827 feret
254 2764 388 2846 impune,
422 2763 449 2828 si
482 2772 589 2845 pastus
621 2763 722 2828 fuerit.
777 2762 864 2829 Solet
892 2763 972 2830 enirn
995 2761 1028 2828 iu
1049 2762 1112 2828 hoe·

48 2867 129 2931 uerbo
150 2868 291 2934 futurum
313 2873 434 2953 tempus
456 2872 544 2954 quasi
567 2871 598 2935 iu
625 2869 862 2936 commiuatione
883 2869 964 2953 poni.

139 3010 174 3073 Ρ.
197 3011 257 3072 405
280 3030 299 3074 a
321 3011 364 3086 (iu
386 3011 559 3095 fragmento
581 3031 617 3075 ex
639 3010 780 3095 Dionysii
806 3004 1027 3097 Θεσμοφόρῳ,
1053 3009 1110 3075 ubi

50 3127 153 3195 coquus
176 3135 264 3182 suum
286 3119 384 3181 artem
406 3135 476 3182 cum
497 3117 694 3200 imperatorie
716 3119 901 3199 comparant

225 3231 413 3321 στρατηγός
435 3236 504 3309 πᾶς
526 3227 659 3301 καλεῖθ’
681 3229 720 3309 ὃς
741 3228 786 3300 ἄν
809 3230 899 3322 λάβῃ

124 3335 285 3425 δύναμιν,
308 3335 328 3409 c‘
348 3346 467 3426 μέντοι
491 3335 684 3428 δυνάμενος
707 3334 771 3407 κᾶν
792 3339 992 3430 πράγμασιν

124 3442 383 3534 α’νοισοραφῇναι
408 3452 462 3516 καὶ
486 3450 666 3537 διαβλέψαι
690 3452 722 3514 σι’
745 3474 815 3516 πον

54 3610 273 3627 χ*-

97 3714 121 3784 *)
137 3717 167 3772 Ρ.
176 3717 255 3773 enee
273 3725 336 3787 post
353 3719 438 3776 verbu
458 3723 506 3792 ζῆν
524 3718 577 3790 γὰρ
595 3719 646 3791 τὴν
664 3717 815 3789 πορφύραν
834 3718 880 3791 ἔτη
898 3717 927 3786 ἓξ
947 3719 1114 3777 exciderunt.

140 3810 294 3866 huiusmodi
322 3812 460 3880 quaedum:
487 3813 547 3870 τὸν
575 3811 612 3869 rii
639 3814 773 3885 κήρυκα
798 3833 845 3884 -;
874 3813 973 3871 deinde
1000 3813 1113 3871 ridetur·

140 3903 314 3960 scribendum
341 3903 432 3961 πόθεν
460 3905 520 3973 <ri'
547 3900 620 3978 ἦν)
649 3904 724 3982 αὐτῷ
751 3907 869 3975 siticen·
896 3909 925 3964 P.
944 3907 1031 3964 388ο
1056 3921 1112 3962 scr..

142 3998 167 4052 εἰ
190 3995 229 4068 μὴ
256 3999 492 4070 περιπατήσει
517 4001 605 4056 τόπον
622 3999 686 4057 τινὰ
704 4000 825 4071 ἐξευρὼν
843 3999 933 4074 ἑαυτῷ
950 3995 1112 4068 ἐπιτήδειον·

142 4091 352 4162 (umhuluticue3
370 4109 421 4162 prc
439 4092 632 4165 περιπατήσῃ).
