2712 4576
417 255 556 311 Ciceronis
575 255 722 311 orationes.
1004 251 1063 315 125

35 455 182 535 separata
201 453 334 536 certique
358 454 479 538 generis
502 451 627 518 additur
650 451 808 534 exemplis.
862 450 925 516 Sed
947 450 1107 516 lenissima

36 559 225 625 correctione
244 577 293 625 res
316 560 493 642 expeditur:
515 559 606 624 Cum
629 558 825 641 exemplis
846 558 985 623 uterer
1007 557 1106 622 mul-

36 665 97 731 tis
118 666 327 743 (—estenim
348 667 425 731 illa
448 668 620 732 materia
642 664 932 749 aequitatis-)‚
952 681 971 728 a
992 665 1106 731 verbo

35 776 76 836 et
114 773 154 838 ab
185 773 339 856 scripto
372 774 431 838 cot.
485 772 656 855 Aptissima
687 771 792 837 Cicero
826 771 981 854 significat
1009 790 1042 836 se
1074 771 1105 835 iu

36 880 183 961 aequitate
205 879 396 945 defendenda
423 897 514 945 usum
543 895 611 944 esse
638 879 762 961 propria
782 877 875 944 huius
897 876 1018 962 generis
1039 893 1107 942 ma·

34 987 126 1058 teria,
151 1005 219 1071 qnae
248 987 280 1051 in
309 986 457 1069 exemplis
484 985 583 1070 posita
612 985 663 1052 sit.
711 985 890 1050 Oouloratur
916 983 1004 1049 Brut.
1028 982 1106 1047 143:

35 1111 123 1156 cum
150 1093 196 1158 de
226 1110 333 1176 aequo
357 1095 396 1158 et
416 1094 516 1159 bono
540 1090 827 1175 disputaretur
848 1093 1106 1175 argumento-

34 1219 119 1263 rum
141 1201 181 1264 et
202 1197 528 1288 similitudinum
550 1199 673 1280 copia.

135 1365 215 1432 lbid.
239 1368 295 1432 95:
329 1367 420 1448 Ipse
452 1384 567 1449 porro
589 1365 744 1432 Caecina
771 1383 837 1429 our
860 1383 900 1430 se
929 1362 1107 1428 moribus

37 1473 186 1538 deduci
207 1472 386 1544 volebat,
415 1472 534 1556 idque
565 1470 645 1536 tibi
672 1472 716 1536 de
739 1469 953 1536 amicorum
979 1468 1107 1534 dehis

36 1579 83 1643 de
112 1579 273 1663 Aquilii
305 1579 513 1644 sententia
551 1579 821 1661 responderat
860 1578 899 1643 et
934 1577 1107 1659 aeqnum?

37 1687 89 1750 At
119 1687 224 1752 enim
261 1685 375 1752 Sulla
407 1685 534 1770 legem
568 1684 679 1750 tulit.
734 1682 833 1764 Quam
863 1683 1010 1750 mendosa
1041 1681 1107 1746 haec

37 1792 111 1870 sint,
133 1792 212 1857 nihil
233 1812 309 1876 opus
332 1799 378 1858 est
407 1809 579 1875 coarguere,
612 1793 755 1875 qnoniam
786 1790 918 1857 editores
949 1790 1042 1857 verba
1064 1789 1108 1854 de

37 1899 101 1965 his
123 1900 359 1983 deAquilii‚
383 1898 492 1964 deinde
515 1900 554 1962 et
575 1917 724 1981 aequum
748 1897 837 1982 signo
853 1897 970 1964 infelici
987 1913 1108 1962 summo

37 2009 104 2072 iure
125 2008 280 2098 notarunt,
303 2024 403 2088 neque
424 2006 489 2071 ulla
512 2005 672 2070 sententiae
691 2004 807 2088 species
822 2006 957 2088 apparet.
992 2002 1108 2069 Verum

38 2114 143 2178 tamen
175 2112 271 2178 multo
303 2114 405 2177 miuus
438 2112 545 2196 gravia
567 2109 691 2175 vulnera
722 2110 810 2189 snut,
833 2131 926 2195 quam
954 2110 1106 2174 videntur.

40 2219 181 2285 Primum
205 2219 286 2284 euim
307 2218 385 2283 illud
408 2223 447 2285 ot
468 2235 617 2299 aequum
640 2236 658 2281 a
680 2216 886 2301 superioribus
904 2215 1107 2299 separandum

40 2329 90 2392 est
111 2330 203 2410 atque
226 2327 263 2406 ei,
299 2344 366 2408 quae
400 2323 551 2408 sequitur,
585 2322 785 2406 disputationi
817 2323 874 2387 hac
903 2323 1001 2386 forma
1029 2339 1108 2402 prae-

39 2433 216 2513 ponendum
254 2435 315 2498 est:
353 2432 424 2497 Est
459 2449 616 2515 aequum.
675 2432 725 2494 At
764 2428 867 2494 euim
906 2427 1013 2492 Sulla
1049 2426 1107 2492 oet.

40 2539 147 2604 Cicero
168 2537 360 2604 adversarios
383 2535 546 2622 significat,
569 2556 639 2601 cum
663 2536 704 2614 id,
731 2535 810 2620 qnod
832 2535 980 2600 hactenus
1003 2530 1109 2598 defan-

40 2646 132 2719 derit,
154 2665 276 2729 aequum
299 2663 365 2711 esse
388 2643 552 2710 concedere
574 2643 730 2726 cogantur,
757 2661 835 2707 novo
858 2641 1037 2726 argumento
1061 2640 1109 2704 uti

40 2753 154 2828 conari,
178 2751 260 2836 quod
283 2770 319 2817 ex
341 2750 436 2816 Sullae
457 2751 525 2834 lege
551 2750 673 2816 ducant.
723 2749 842 2814 Deinde
865 2766 909 2828 ea,
937 2767 1003 2832 quae
1032 2766 1110 2830 prae·

42 2859 156 2926 cedunt
178 2861 210 2924 et
230 2858 417 2942 superiorem
439 2849 539 2923 locum
562 2854 757 2932 concludunt,
781 2855 825 2920 sic
847 2855 1007 2922 scribenda
1022 2858 1109 2920 sunt:

42 2967 156 3050 idque
179 2967 253 3031 tibi
276 2965 318 3030 de
341 2965 564 3042 amicorum,
588 2962 649 3028 his
670 2961 718 3026 de
740 2962 890 3047 Aquilii
912 2961 1111 3028 sententia

43 3072 310 3156 responderat,
332 3072 443 3137 omisso
467 3071 528 3150 de,
551 3069 631 3153 quod
652 3087 752 3134 errore
767 3073 839 3133 ante
861 3068 923 3132 his
946 3069 1112 3150 repet-itum

44 3182 99 3247 est.
156 3180 276 3246 Caecina
296 3177 423 3243 AEbutio
454 3196 490 3242 er
518 3176 687 3242 amicorum
715 3173 867 3241 sententia
899 3173 1110 3256 responderat,

44 3287 92 3353 his
115 3306 152 3352 ex
173 3285 301 3369 Aquilii,
324 3304 415 3369 quem
437 3287 508 3349 ante
530 3279 773 3357 consuluerati)
1020 3277 1021 3280 ’

45 3494 277 3503 —--————-——

97 3632 122 3682 *l
141 3626 211 3681 lbid.
239 3626 287 3678 99:
315 3625 380 3678 Iam
408 3625 552 3693 populus
581 3640 649 3677 cum
684 3639 753 3676 eum
780 3619 906 3686 vendit,
934 3619 990 3685 qui
1017 3619 1112 3672 miles

145 3719 256 3774 iactus
275 3733 339 3772 non
357 3723 418 3778 est,
439 3733 503 3771 non
522 3716 638 3772 adimit
661 3717 690 3770 ei
713 3715 918 3777 libertatem,
948 3712 1005 3767 sed
1028 3711 1112 3765 iudi·

147 3820 199 3867 cat
218 3827 281 3865 non
301 3827 373 3866 csse
393 3826 462 3864 eum
480 3809 634 3877 liberum,
664 3809 732 3877 qni,
760 3811 794 3861 nt
821 3806 908 3862 liber
936 3807 992 3868 sit,
1022 3805 1113 3859 adire

146 3904 331 3974 periculum
350 3904 467 3958 noluit.
512 3903 550 3957 Et
573 3904 643 3958 ratio
667 3908 695 3956 et
715 3901 753 3968 id,
780 3901 853 3967 qnod
876 3899 959 3972 paulo
982 3904 1046 3967 post
1073 3911 1113 3948 se-

148 3999 246 4067 quitur,
273 3997 338 4051 huic
363 4012 477 4066 prorsus
505 4013 537 4052 ex
565 4011 644 4063 aequo
672 3995 805 4064 positum:
831 3995 887 4061 qui
905 4033 911 4046 .
932 4035 938 4047 .
959 4033 965 4044 .
985 3987 1114 4044 censeri

147 4091 308 4157 noluerit,
334 4090 453 4144 ostendit
472 4089 644 4145 coniunctiuo
663 4088 743 4142 modo
763 4087 894 4154 scriptum
912 4086 996 4139 fuisse
1016 4077 1094 4133 uolit.
