2728 4582
287 257 327 321 46
651 259 712 316 nin.
731 259 752 316 1.
774 260 839 328 cap.
857 258 908 312 111.

248 457 476 543 κληρονομίας
499 458 552 523 καί
576 452 641 542 ιήν
663 459 731 523 τῶν
745 450 892 543 α’γαθῶν
905 457 1093 542 μετουσίαν
1107 470 1179 530 τοῖς
1197 448 1315 526 αὐτοῖς

246 557 470 630 αἰιοοέοωιιεν.
528 565 690 630 Sententia
710 565 871 647 perspicua
893 566 949 645 eet,
971 565 1082 647 quibus
1103 581 1196 629 onera
1217 564 1249 626 et
1270 562 1315 625 in-

246 670 408 736 commoda
429 671 694 753 propinquitatum
714 670 763 736 lex
777 671 926 753 imponet,
940 671 1053 736 iisdem
1068 687 1136 734 earu
1152 666 1315 733 commoda

246 777 277 840 et
298 775 450 842 utilitates
472 796 578 843 earum
600 779 667 842 iure
688 778 833 842 tribuere.
889 777 926 842 Iu
948 776 1057 848 verbis.
1079 776 1115 841 ut
1135 793 1217 839 nuno
1238 773 1315 838 eori-

243 882 368 960 buntur‚
390 883 525 964 primum
547 886 615 967 ipsa
636 884 830 967 inaequalitas
853 883 1060 949 membrorum
1083 883 1162 947 inter
1184 897 1217 946 se
1233 879 1314 944 rela-

244 989 344 1053 torum
369 990 507 1075 offendit,
530 989 612 1072 quod
633 990 664 1055 iu
686 989 786 1072 priore
809 994 1014 1073 προσέταττε
1034 995 1214 1055 ποιεῖσθαι
1236 986 1313 1052 sori-

243 1094 328 1160 bitur
350 1094 456 1162 addito
481 1096 645 1168 infinitivo
669 1096 700 1159 in
722 1095 820 1161 altero
835 1094 934 1160 solum
950 1089 1177 1179 αἰιοοέοακεν,
1200 1093 1313 1158 deinde

221 1202 348 1266 sautem
383 1202 481 1268 multo
518 1202 651 1286 gravius,
689 1201 769 1284 quod
809 1211 988 1269 ποιεῖσθαι
1025 1203 1112 1268 nullo
1149 1203 1240 1267 medo
1275 1199 1356 1264 ad

244 1300 383 1394 α’τοχιας
415 1301 638 1374 aeeommodari
667 1310 769 1391 potest
796 1326 853 1374 nee
881 1312 987 1374 tamen
1009 1311 1143 1374 alterum
1168 1308 1257 1374 eubst
1258 1325 1313 1370 au·

243 1413 343 1479 tivum
366 1414 549 1496 simpliciter
578 1434 648 1480 eum
676 1420 882 1498 προσέταττε
911 1415 1064 1500 coniungi,
1087 1414 1219 1480 altorum
1243 1432 1313 1477 oum

244 1526 436 1588 ποιεῖσθαι.
484 1522 623 1604 Apparet
654 1540 778 1603 prorsus
810 1520 982 1587 tollendum
1019 1541 1086 1587 esse
1123 1527 1311 1596 ποιεῖσθαι,
1354 1559 1355 1581 2

242 1643 297 1708 pro
322 1646 382 1709 quo
404 1625 511 1708 opinor
533 1627 627 1692 etiam
645 1630 751 1695 Graeee
774 1642 888 1693 ποιεῖν
912 1628 1075 1695 dicendum
1097 1627 1202 1693 fuisse.
1241 1623 1312 1698 Τας

243 1727 386 1819 (inopino
407 1730 539 1816 intelligi
560 1732 772 1800 calamitatum
788 1733 1037 1814 sublevationem,
1054 1734 1312 1818 quemadmodum

244 1833 392 1913 ἐκδόσεις
415 1837 534 1904 dotium
557 1841 825 1921 comparationem,
848 1860 910 1908 non
932 1859 1007 1924 opus
1030 1842 1077 1906 est
1100 1839 1172 1907 diei.

341 2049 466 2123 XLVII,
503 2050 520 2110 7
553 2052 585 2115 et
618 2051 651 2116 8:
686 2061 723 2117 οἵ
750 2076 789 2137 pe
817 2044 894 2117 ov'dd
925 2051 990 2116 νῦν
1019 2075 1072 2115 πω
1100 2051 1249 2135 τολμῶσι
1274 2044 1309 2115 ια’
1352 2084 1353 2090 1

243 2156 339 2240 σῶμα
362 2157 424 2239 τῆς
446 2147 638 2242 α’νοροίιιοο
660 2159 890 2243 ιιαραοούναι,
914 2153 1007 2224 uude?
1031 2163 1161 2242 ἔφασαν
1181 2181 1308 2243 αροιια-

245 2264 409 2330 λεόαοθαι
443 2260 505 2328 τόν
541 2259 729 2351 Θεόφημον
763 2267 817 2331 καί
850 2258 1088 2351 ἐμαρτύρησαν
1121 2258 1225 2350 αὐτῷ,
1256 2265 1309 2328 καὶ
1355 2265 1357 2271 ’

242 2393 313 2454 την
346 2373 412 2454 μὲν
441 2370 637 2455 μαρτυρίαν
668 2379 751 2459 ἔργῳ
781 2371 972 2458 βεβαιῶσαι
1001 2365 1047 2445 νίς
1068 2362 1207 2456 deporto
1229 2375 1310 2444 tear,
1350 2450 1356 2468 ,ρ

244 2477 299 2542 καί
321 2501 402 2550 nove
422 2501 600 2562 μαρτνρας
622 2471 845 2566 αἰιηλλοίχοαι
861 2504 920 2544 νον
937 2471 1081 2584 olympum
1097 2471 1356 2562 παραδόντος

220 2578 282 2650 'no'
316 2584 412 2667 σῶμα
446 2585 510 2669 τῆς
546 2577 750 2670 α’νθροίπον,
779 2580 844 2670 τήν
872 2579 900 2652 ο
928 2581 1118 2670 ανθρωιιον
1147 2585 1226 2668 περι
1249 2608 1352 2669 της

243 2691 355 2764 αἰκίας
376 2693 672 2776 βασανίζεσθαιιι
689 2718 717 2761 e
734 2694 763 2759 l.
800 2693 834 2758 Si
850 2710 956 2758 verum
979 2694 1062 2758 esset
1083 2683 1352 2775 παραδόντος,

242 2796 343 2862 audiri
377 2798 502 2864 deberet
538 2792 727 2885 Θεοφήμου
759 2802 813 2865 aut
845 2792 979 2884 ιοιίοοο,
1013 2798 1095 2881 quod
1128 2798 1194 2864 fieri
1222 2799 1307 2864 nullo

241 2905 331 2986 paeto
353 2923 442 2986 posse
472 2905 670 2972 manifestum
699 2907 756 2985 eet,
785 2906 930 2989 quoniam
958 2905 1061 2988 ipsum
1090 2905 1210 2988 pondus
1240 2924 1308 2970 sen·
1354 2911 1355 2937 ³

241 3009 349 3075 tentiae
371 3010 403 3073 in
425 3011 484 3076 hoe
505 3029 616 3077 nemen
639 3017 693 3078 aut
713 3031 879 3094 pronomen
902 3011 1051 3078 inuideret
1072 3012 1104 3075 et
1122 3011 1154 3074 in
1167 3011 1237 3075 tota
1252 3011 1306 3074 hae
1349 3072 1352 3083 ι

241 3115 363 3196 periodo
386 3115 424 3182 de
445 3116 606 3184 voluntate
630 3122 661 3184 et
683 3119 804 3185 aetione
825 3119 954 3184 testium
975 3119 1077 3202 agitur
1100 3117 1151 3202 (οἵ
1167 3141 1206 3200 ys
1230 3110 1304 3183 ουόὲ
1351 3122 1354 3212 ᾗ

242 3222 306 3288 νῦν
338 3247 390 3288 uu
423 3224 570 3309 τολμῶσι
600 3249 627 3292 κ.
657 3252 687 3291 a.
718 3229 770 3302 λ.).
825 3224 1024 3291 Seribeudum
1058 3225 1106 3289 est
1137 3225 1305 3289 necessario
1348 3224 1354 3266 l

241 3324 526 3415 παραδόντας.
571 3331 634 3415 Ipsi
655 3351 689 3398 se
712 3333 807 3398 testes
830 3332 959 3397 liberere
980 3329 1093 3396 iudicio
1109 3330 1305 3415 ψευδομαρ-

240 3437 364 3521 reponio
385 3438 526 3503 debuisse
550 3438 772 3522 significantur,
793 3437 908 3503 tradita
921 3439 952 3503 in
968 3437 1169 3520 quaestionem
1184 3438 1303 3515 aneilla,

241 3544 385 3624 quoniam
407 3543 453 3609 ita
474 3563 543 3609 eum
567 3543 765 3628 Theophemo
787 3544 1016 3627 propinquitate
1043 3547 1075 3607 et
1097 3563 1199 3609 rerurn
1225 3563 1304 3610 oom-

239 3649 385 3713 munieue
405 3651 558 3716 ooniunoti
580 3650 652 3731 sint
685 3653 721 3716 ut
749 3651 782 3715 in
804 3651 862 3717 hae
883 3669 916 3716 re
939 3649 1069 3716 eandem
1091 3653 1184 3734 atque
1206 3650 1303 3716 Theo·

239 3754 369 3837 phemus
400 3757 588 3838 potestatem
614 3759 763 3837 habeant;
795 3757 832 3823 ef.
862 3758 930 3835 §a
986 3756 1130 3822 Ceterum
1169 3758 1303 3822 remanet

241 3861 354 3927 duritia
377 3863 522 3928 orationis
539 3863 571 3930 iu
587 3865 800 3931 coniunctione
818 3861 963 3930 infinitivi
979 3863 1127 3946 simplicis
1142 3862 1302 3951 (βεβαιο-

240 3975 309 4048 οαι)
331 3970 362 4034 et
384 3971 551 4037 accusativi
573 3990 643 4037 enm
673 3970 824 4036 infinitivo
852 3969 936 4035 idem
958 3970 1131 4036 subiectum
1153 3969 1301 4041 habentis,

239 4076 278 4142 ad
302 4075 383 4162 quod
407 4078 544 4154 verbum,
559 4077 642 4143 unde
657 4077 778 4162 pendet,
794 4077 923 4142 refertur
938 4081 988 4154 (οἵ
1004 4101 1043 4163 γε
1064 4125 1072 4143 .
1087 4127 1094 4144 .
1109 4124 1118 4141 .
1133 4076 1301 4161 τολμῶσι).
