2712 4576
275 230 336 294 178
634 230 695 286 Lib.
712 231 748 285 H.
768 229 832 300 Gap.
849 229 900 284 ΙΙΙ.

232 426 301 493 sed
322 427 357 492 is
379 427 514 496 auditur
530 427 599 496 sine
621 427 806 495 consilio.
852 427 1002 494 Homines
1017 425 1147 493 Favonii
1160 426 1262 492 rerba
1280 430 1315 491 et

231 549 386 600 sermones
408 532 452 600 sic
472 534 578 601 audire
594 534 745 612 dicuntur,
768 536 806 600 nt
818 533 898 600 nihil
911 533 982 600 inde
1004 531 1126 600 consilii
1146 532 1311 598 nmcatur.

332 639 411 707 Ibid.
429 641 478 719 26,
495 641 530 706 ιε
553 639 662 721 Quod
685 660 743 708 me
764 641 1011 708 amicissime
1032 640 1237 718 admones,
1263 641 1312 704 nt

230 764 287 812 mo
320 747 541 832 integrum,
574 748 702 830 quoad
733 747 900 830 possim,
934 765 1106 824 serrem,
1140 746 1307 830 gratum

230 855 309 933 ost3
332 853 434 938 quod
461 853 594 931 addis,
623 873 669 921 ne
696 856 937 938 propensior
958 854 1004 921 ad
1026 855 1183 936 turpem
1206 870 1309 919 cau·

230 979 309 1032 sum
342 960 502 1040 ridear,
539 962 649 1028 certe
685 960 817 1027 videri
850 979 1020 1044 possum.
1079 958 1173 1025 Nullo
1206 957 1306 1026 modo

230 1066 334 1133 Cicero
355 1087 388 1134 se
410 1067 449 1142 ad
470 1068 593 1150 turpem
616 1085 746 1142 cansam,
763 1066 992 1150 propensiorem
1006 1065 1108 1133 videri
1122 1084 1213 1147 posse
1229 1084 1307 1131 con-

229 1173 322 1253 cedit,
331 1191 458 1258 quaque
466 1175 645 1257 sequuntur,
655 1175 695 1238 ad
707 1193 829 1240 omnem
840 1172 1018 1239 huiusmodi
1029 1171 1306 1256 reprehensionem

229 1278 444 1346 removendam
473 1280 645 1362 pertinent;
679 1300 713 1346 se
746 1280 829 1346 onim
861 1280 949 1360 nihil,
983 1279 1043 1346 nisi
1065 1281 1147 1363 quod
1179 1281 1305 1346 rectum

227 1387 317 1466 esset,
340 1387 488 1471 quamdiu
511 1387 548 1452 de
569 1388 654 1471 pacis
677 1387 905 1454 condicionibus
930 1388 1082 1472 ageretur,
1111 1385 1223 1450 fecisse
1246 1385 1304 1449 de·
1350 1391 1351 1480 ι

226 1494 390 1560 monstrat.
434 1494 470 1559 In
493 1492 527 1557 M
549 1495 597 1559 est
618 1492 768 1558 uidere.
813 1492 1014 1560 Scribeudum
1042 1492 1150 1576 igitur:
1187 1495 1304 1556 certe

225 1597 337 1666 ridere
368 1618 537 1681 possum.
600 1599 739 1666 Priorem
775 1600 876 1666 Attici
912 1599 1153 1666 admonitionem
1188 1595 1303 1662 Cicero

225 1705 374 1784 admittit,
404 1705 502 1772 altera
530 1705 575 1772 sic
603 1707 776 1786 offenditur,
805 1707 842 1772 ιιι
868 1725 938 1773 eam
963 1705 1027 1772 sibi
1047 1725 1118 1771 cum
1139 1704 1203 1769 risu
1226 1722 1302 1768 con·

225 1815 361 1876 temnere
383 1809 474 1878 licere
497 1811 589 1878 dicet.
633 1812 733 1892 Quam
756 1812 890 1879 molliter
905 1791 1156 1897 eeger'Oiceronis
1172 1809 1303 1876 enimus

224 1935 348 1982 omnem
380 1918 557 1985 huiusmodi
590 1919 772 2001 suspicionis
805 1921 861 1985 aut
894 1917 1139 2003 reprehensionis
1174 1917 1302 1982 tactum

224 2022 342 2103 tulerit,
365 2026 459 2090 etiam
481 2026 550 2090 aliae
573 2025 712 2108 epistolae
735 2027 910 2091 ostendunt.

324 2129 404 2195 Ibid.
437 2131 525 2210 VHI,
559 2135 587 2208 l,
621 2133 657 2197 ιι
691 2133 749 2196 sic
781 2133 882 2198 enirn
916 2130 1051 2213 parari
1085 2130 1220 2208 video,
1256 2131 1303 2195 ut

223 2235 432 2303 Luceriam
465 2258 598 2305 omnes
633 2240 755 2322 copiae
786 2237 1097 2314 contrahentur,
1127 2236 1238 2302 utne
1263 2236 1299 2302 is

222 2341 380 2426 quidem
415 2345 529 2412 loeus
564 2346 732 2411 stabilis
765 2347 836 2424 sit,
869 2346 938 2410 sed
972 2362 1016 2408 cx
1049 2361 1090 2408 eo
1122 2343 1229 2424 ipso,
1264 2345 1299 2408 si

222 2468 451 2534 urgeamur,
482 2456 650 2535 paretur
682 2453 785 2536 fuga.
839 2451 892 2517 Sic
924 2450 1100 2516 coniectura
1133 2448 1299 2525 scribitur;

224 2577 296 2623 nam
309 2557 391 2623 inM
408 2560 456 2624 est
471 2560 593 2625 tantum
616 2557 803 2637 stabilis,
826 2545 903 2623 sed.
933 2557 1077 2622 Locum
1099 2555 1298 2622 stabilem
1351 2577 1352 2580 ¹

223 2664 334 2730 Latine
356 2665 427 2743 dici,
450 2664 481 2728 in
506 2685 564 2749 quo
579 2665 690 2749 aliquis
707 2665 853 2731 consistat
866 2682 923 2730 nec
939 2663 1021 2729 ultra
1035 2661 1145 2746 fugiat,
1166 2679 1296 2744 prorsus

222 2788 302 2854 nego
332 2771 550 2855 scripsisseque
580 2772 758 2838 Ciceronem
788 2772 879 2855 puto:
910 2773 949 2836 et
970 2770 1030 2849 (sic
1050 2767 1152 2847 codd.)
1180 2788 1227 2834 ne
1259 2769 1295 2835 is

222 2876 384 2960 qnidam
405 2878 518 2943 locus
541 2878 652 2946 standi
673 2879 725 2958 sit,
748 2878 818 2944 sod
839 2881 897 2943 cet.
942 2874 1020 2940 Oum
1042 2875 1179 2940 standi
1202 2874 1292 2942 loco
1327 2928 1334 2938 .

222 2984 385 3069 Siesbyens
420 2986 577 3067 comparat
607 2985 735 3051 locum
768 2982 984 3051 habitandi
1007 2983 1116 3048 Parnd.
1138 2981 1188 3058 18,
1224 2981 1293 3046 de·

220 3092 446 3157 versorium
475 3090 764 3170 commorandi,
793 3109 869 3157 non
897 3089 1113 3156 habitandi
1142 3088 1210 3153 Oet.
1240 3088 1291 3165 84,

220 3199 522 3281 receptaculum
562 3198 670 3272 nihil
709 3197 917 3264 sentiendi
950 3198 1041 3262 Tusc.
1069 3195 1107 3274 V,
1142 3195 1219 3269 117,
1253 3196 1291 3262 ci.

220 3305 357 3372 Gramm.
382 3305 451 3372 Lat.
474 3309 492 3390 ξ
514 3307 586 3368 417.

319 3425 396 3490 Ibid.
412 3426 441 3502 6,
458 3424 495 3486 3:
518 3423 640 3506 Spero
664 3424 801 3501 etiem,
825 3421 1013 3505 quoniam
1035 3417 1164 3486 adhuc
1183 3417 1293 3483 nihil

219 3531 335 3596 nobis
365 3531 513 3606 obtuit,
548 3529 653 3595 nihil
683 3530 886 3596 mutasset
916 3546 986 3593 nec
1007 3526 1195 3611 tegentia
1216 3524 1292 3591 hoc

218 3637 426 3719 quodcum
449 3625 1042 3720 fortiteretdiligenter,tum
1069 3633 1191 3697 etiarn
1207 3649 1290 3696 me-

217 3742 392 3808 hercule.
422 3741 535 3807 Modo
566 3744 668 3808 onim
703 3745 760 3808 cst.
814 3743 857 3808 Et
886 3740 982 3806 totius
1011 3740 1069 3805 loci
1099 3740 1228 3804 formum
1258 3745 1291 3803 et

218 3847 400 3914 mendorum
423 3849 511 3914 sedes
533 3850 667 3914 indicare
689 3867 814 3933 possum
838 3849 872 3914 et
892 3847 1029 3931 aliquam
1051 3845 1145 3910 etiam
1167 3845 1289 3926 partem

218 3954 378 4039 corrigere.
433 3955 588 4038 Scriptum
621 3955 704 4021 cnim
737 3957 836 4022 iuerat
865 3955 905 4020 ad
931 3953 1011 4019 hanc
1032 3952 1164 4018 formem
1186 3955 1218 4016 et
1240 3952 1289 4016 his

217 4061 281 4127 fors
317 4061 436 4128 uerbis:
470 4061 592 4144 Spero
626 4062 765 4141 etiam,
799 4060 987 4146 quoniam
1020 4057 1147 4123 adhuc
1181 4056 1287 4122 nihil
