2712 4576
432 265 573 324 Ciceronis
591 265 738 322 orationes.
1016 263 1076 327 119

77 465 298 550 iniqnitatis
320 466 360 531 et
380 464 810 531 inertiaeconlessione
834 459 1017 529 defensio
1039 464 1118 529 cri-

77 573 189 650 minis;
209 571 279 638 sed
300 573 432 637 temen
452 570 524 636 hec
545 570 634 653 ipsa
656 569 754 655 cet*)

157 713 232 778 lbid.
247 713 302 792 IV,
317 712 374 776 54:
397 713 483 794 ipse
504 713 635 777 tumen
657 712 806 794 praetor
828 758 960 776 .....
982 711 1021 777 iu
1046 711 1118 777 hnc

77 819 226 886 officina
247 820 436 885 maiorem
456 821 611 903 purtem
634 817 715 883 diei
740 837 823 883 oum
844 819 986 884 tunice
1008 821 1119 902 pulle

75 925 375 1018 sederesolebnt
396 927 436 992 et
457 923 596 1010 pollio.
641 922 730 988 Nihil
753 922 894 989 contrarii
916 924 1117 1010 significetur,

73 1030 115 1095 sed
133 1033 325 1098 continuatur
345 1035 377 1098 et
399 1033 528 1117 augetur
550 1029 689 1097 eiusdem
709 1029 754 1093 rei
776 1029 809 1094 et
829 1028 925 1093 studii
944 1028 1117 1112 descriptio.

73 1139 163 1222 ltaque
183 1137 379 1204 scribendum
402 1141 467 1205 est:
489 1137 576 1221 ipse
598 1137 706 1202 nutem
727 1136 873 1220 praetor
894 1139 952 1200 cel.

153 1280 232 1346 ibid.
255 1281 296 1344 98
318 1279 369 1358 (de
391 1280 425 1346 P.
448 1279 590 1363 Scipione
612 1278 741 1360 antique
755 1279 952 1342 monumenta
966 1289 1027 1341 nou
1042 1277 1117 1340 artis

69 1387 232 1470 contemptu
259 1385 323 1452 suis
350 1386 476 1452 sedibus
498 1384 718 1468 relinqueutslz
752 1401 839 1448 uam
869 1384 977 1466 quin,
1004 1401 1117 1467 quum

69 1493 222 1573 pulchra
258 1494 412 1569 esseut,
447 1491 736 1576 intelligebat,
781 1489 935 1556 idcirco
971 1490 1119 1556 existi-

69 1600 187 1665 nobat
208 1617 252 1665 ea
272 1617 345 1664 non
366 1598 413 1664 od
434 1597 635 1665 hominum
656 1594 872 1671 luxuriem,
895 1583 964 1664 se'd
986 1597 1032 1662 ad
1056 1616 1117 1662 or·

17 1689 18 1692 ¹
69 1709 187 1772 nutum
209 1706 391 1771 fanorum
412 1705 533 1790 atque
556 1703 792 1788 oppidorum
814 1721 903 1768 osse
928 1704 1054 1783 fucta,
1076 1709 1119 1770 ut

66 1813 234 1892 posteris
257 1813 412 1878 uostris
435 1812 689 1878 monumento
715 1809 915 1894 religiose
942 1829 1029 1878 esse
1057 1815 1119 1879 vi-

67 1918 233 1985 deantur.
276 1917 401 1984 Accidii
421 1918 499 1983 mihi
521 1917 579 1995 bio,
601 1915 680 2000 quod
701 1914 857 1981 interdum
879 1917 965 2001 alibi,
986 1923 1031 1997 ut,
1047 1925 1119 2008 quie

65 2027 160 2092 necin
183 2024 341 2090 codicibus
371 2024 435 2089 ulle
457 2026 505 2091 est
527 2022 657 2089 minime
677 2020 783 2088 mendi
805 2024 877 2088 notu
897 2042 953 2090 noc
975 2025 1118 2110 cuiquam

63 2132 253 2215 optionibus
280 2129 461 2215 suspicionis
489 2130 608 2215 aliquid
637 2130 779 2195 obortum
802 2129 932 2208 videtur,
957 2130 1031 2196 mibi
1053 2133 1119 2215 ipse

63 2238 188 2318 primum
210 2235 348 2302 diffidam
370 2237 499 2302 haerenti
521 2256 557 2303 nc
571 2234 736 2310 dubitanti,
752 2235 862 2301 deiude
877 2235 964 2319 quusi
979 2236 1118 2304 veriintis

66 2345 187 2427 quodum
211 2342 346 2410 conuicio
368 2342 464 2409 enimi
486 2343 673 2408 senteutiam
695 2341 829 2424 proferre
856 2360 948 2425 cogor
969 2342 1119 2427 salemque

65 2469 180 2532 gravem
195 2449 274 2514 mihi
288 2450 458 2516 nocerium
474 2466 607 2515 errorem
622 2450 718 2514 lutere
733 2447 839 2514 videri.
870 2447 950 2512 Nem
967 2449 1121 2532 postrema

63 2557 120 2623 hec
140 2558 252 2623 verbu:
282 2558 324 2621 ut
353 2556 530 2640 posteris
557 2555 712 2622 uostris
742 2557 800 2621 cet.
823 2553 907 2619 nullo
935 2553 1027 2618 modo
1049 2571 1119 2619 cum

14 2659 15 2664 ’
62 2665 262 2747 superioribus
278 2665 361 2730 recte
376 2662 545 2739 cohaereut3
561 2663 766 2746 praeterquam
781 2661 862 2727 euim
875 2657 956 2744 quod
969 2659 1120 2726 Ciceronis

62 2769 96 2835 de
116 2771 256 2854 Scipione
283 2768 434 2836 iudicium
462 2767 622 2833 terminari
653 2768 744 2833 debet
765 2767 797 2832 in
820 2768 877 2833 bac
898 2765 1118 2833 contrariorum

63 2876 219 2943 relatione:
242 2873 375 2943 uound
391 2875 594 2939 hominum
615 2873 827 2952 luxuriem,
851 2872 915 2938 sed
936 2875 983 2940 cd
1005 2893 1121 2941 orus-

64 2989 138 3048 tnm
158 2989 228 3057 cet,
251 2986 288 3048 ut
309 2981 428 3064 reliqua
456 2981 568 3066 igneve
596 2981 750 3046 edbaerere
780 2982 813 3044 et
840 2980 923 3046 trabi
951 2982 1119 3060 videantur,

66 3090 310 3156 manifestissime
339 3090 451 3156 vitioso
480 3088 552 3152 sunt
579 3088 713 3170 primum
742 3085 920 3168 posteris
949 3085 1120 3160 nostris,

13 3205 15 3294 j
64 3196 203 3278 quonism
236 3195 338 3278 Scipio
370 3194 408 3261 de
443 3191 572 3279 posteris
605 3193 728 3259 omniuo
758 3192 813 3256 arrt
843 3190 953 3256 saltem
978 3190 1015 3255 de
1037 3190 1122 3256 suis

13 3309 14 3336 ³
67 3303 192 3386 cogitare
215 3301 357 3382 debebat,
381 3300 491 3368 deiude
522 3299 755 3374 videantur,
784 3315 837 3379 pro
864 3314 923 3380 quo
950 3295 1122 3362 necessario

65 3506 290 3518 ᾕ--α-

112 3641 137 3708 *)
158 3647 173 3707 5
191 3643 253 3709 206,
271 3641 319 3696 ubi
337 3641 366 3695 in
383 3639 561 3711 proponendo
579 3656 614 3694 ex
635 3636 785 3694 defensoris
803 3651 922 3707 persono
946 3635 1122 3692 excusatione

155 3735 250 3805 inepta
267 3741 310 3790 est
328 3732 464 3802 particule
491 3731 643 3801 quidem,
672 3730 845 3786 scribendum
870 3735 912 3784 est
930 3727 1090 3798 simpliciter
1107 3743 1122 3781 e

156 3828 251 3884 codice
271 3829 347 3885 Vnt:
366 3827 544 3883 Fecerunt
561 3825 630 3880 clii.
661 3809 773 3890 Quid?
789 3823 865 3878 Alie
884 3838 979 3892 quern
997 3821 1122 3875 multa?

157 3922 220 3976 Cur
238 3927 290 3976 cet.
325 3918 505 3977 Excusstioui
527 3917 720 3986 interrogando
740 3915 883 3972 subiicitur
905 3913 1044 3980 refutatio,
1067 3913 1122 3967 eliu

156 4015 238 4069 etiem
256 4013 344 4069 multu
371 4013 441 4068 ulios
468 4010 577 4078 iecisse,
603 4016 643 4077 ut,
671 4011 695 4065 si
723 4009 772 4064 illu
800 4008 941 4064 excusatio
969 4005 1123 4074 recipietur,

156 4107 242 4162 multo
262 4107 347 4162 letius
365 4114 468 4176 puteat.
