2728 4582
152 335 154 342 =
257 293 296 357 14
631 293 695 348 Lib.
713 294 734 348 1.
755 295 819 362 Oap.
839 293 861 347 1.

215 488 315 566 index,
331 509 407 573 *quae
429 489 498 574 ipsa
519 491 704 571 comparatio
726 489 961 573 perversissima
982 493 1046 567 est;
1082 503 1180 571 neque
1201 485 1284 552 enim«.

218 598 251 662 et
270 596 370 662 virtus
392 598 424 662 et
439 594 611 662 inimicitiae
627 597 762 672 vincunt,
779 594 833 660 sed
848 594 904 659 illa
922 596 1027 672 vineit,
1043 594 1280 667 devincuntur

214 703 320 785 itaque
342 701 438 768 etiam
460 704 565 768 πλέον
593 721 648 786 pro
679 695 771 768 notri
798 700 1003 767 substitutum
1025 719 1151 783 pravam
1173 697 1287 766 eliciet

217 809 413 874 sententiam.
458 808 590 874 Videtur
612 809 782 892 Sophocles
804 807 983 890 scripsisse:

314 913 390 1000 νιιιᾷ
412 907 476 1001 yrip
500 907 603 1000 α’ριτή
625 941 671 1000 με
693 915 755 1002 τῆς
777 921 902 1002 ἔχθρας
925 916 1064 993 πέλας,

216 1019 332 1099 „vincit
353 1039 403 1086 me
425 1021 523 1087 virtus
544 1021 720 1087 inimicitiis
742 1041 759 1087 e
780 1021 903 1106 regione
917 1020 1073 1086 *adiuncta
1095 1021 1127 1086 et
1147 1021 1179 1085 in
1201 1036 1279 1084 oom-

156 1161 158 1166 .
215 1126 372 1210 paratione
394 1127 524 1209 posita“.

608 1309 771 1396 Euripidis
793 1309 888 1394 lonis,

65 1431 66 1441 ’
167 1503 169 1516 ,
215 1457 306 1520 quam
343 1436 528 1522 tragoediam
551 1457 579 1503 a.
604 1438 685 1502 1879
716 1437 891 1522 philologia
920 1438 1068 1505 studiosis
1090 1437 1286 1505 tractandam
1343 1457 1344 1492 ι

216 1544 368 1627 proposui,
391 1548 458 1609 tum
480 1543 629 1609 ultimum
650 1545 829 1626 professoris
859 1564 986 1611 munere
1015 1545 1157 1630 iungens,
1178 1545 1282 1628 ipsum.
1343 1581 1344 1601 2

214 1649 337 1714 initium
362 1650 453 1732 rqnoo
476 1651 507 1715 in
530 1649 689 1716 codicibus
711 1639 889 1717 huiusmodi¹
909 1652 974 1716 e'str

308 1751 424 1829 Ἄτλας
446 1752 466 1822 ri
487 1758 654 1843 χαλκέοισι
676 1753 797 1831 νώτοις
819 1751 981 1843 ον’ρανόν,

314 1864 409 1929 θεῶν
430 1859 579 1930 παλαιόν
601 1863 709 1943 οἶκον,
731 1864 909 1952 ἐκτρίβων,
931 1862 1027 1930 θεῶν

313 1970 398 2054 μιᾶς
420 1977 521 2056 docco
545 1975 665 2038 Μαῖαν
687 1996 717 2036 ιι.
738 1997 769 2038 c.
791 1973 834 2041 lo

213 2078 319 2142 nostra
352 2078 443 2142 aetate
476 2077 648 2162 philologos
682 2081 714 2143 et
746 2079 868 2145 vexavit
897 2077 1094 2143 vehementer
1123 2075 1156 2140 et
1181 2076 1219 2140 ab
1242 2073 1287 2138 iis

213 2181 309 2246 etiam
330 2182 548 2248 inclementius
571 2189 712 2250 vexatum
737 2186 803 2256 est..
825 2201 893 2249 moo
923 2181 1047 2266 quidem
1078 2182 1190 2247 iudicio
1212 2199 1279 2246 oum

214 2290 376 2372 opprobrio
413 2290 546 2373 quodam
582 2291 658 2357 artis
695 2291 816 2357 oritioae
875 2290 953 2355 Cum
1001 2288 1083 2354 enim
1126 2288 1278 2352 Porsonus

213 2398 345 2476 primum
369 2395 527 2480 tragoedia
548 2416 671 2462 uersum
695 2398 757 2481 legi
781 2399 817 2470 ci,
841 2415 935 2479 quam
959 2395 996 2460 de
1018 2414 1113 2478 pausa
1137 2413 1277 2461 versuum

214 2502 402 2566 senariorum
425 2521 444 2566 a
463 2501 588 2585 tragicis
611 2507 763 2569 servatam
780 2503 934 2580 credebat
950 2502 1106 2567 adversari
1121 2501 1167 2566 ita
1181 2503 1282 2565 anim

214 2608 407 2681 advertisset,
440 2610 476 2672 ut
508 2609 612 2672 tamen
644 2627 663 2672 a
696 2610 874 2693 corrigendo
907 2608 1086 2687 abstineret
1117 2607 1284 2673 contentus

212 2730 381 2794 perpaucos
403 2731 509 2778 versus
532 2733 549 2777 a
568 2715 694 2796 tragicis
710 2713 768 2779 hac
782 2714 880 2780 forma
895 2714 1025 2795 scriptos
1042 2714 1152 2787 dicere,
1169 2711 1278 2777 deinde

212 2819 347 2883 eutem
339 2837 371 2884 m
393 2819 492 2883 altero
513 2838 603 2884 versu
623 2820 821 2885 manifestum
837 2824 994 2885 teneretur
1008 2817 1119 2884 vitium
1134 2817 1283 2884 orationis

125 2955 132 2966 ·
212 2925 333 2990 ettsen
320 2919 458 2989 te'nliae
450 2944 481 2988 ιι
503 2925 652 2990 vocabulo
675 2927 771 2993 θεῶν
798 2925 829 2991 in
859 2926 927 3008 ipso
956 2926 1045 2990 initio
1073 2927 1104 2990 el
1130 2925 1191 2988 fine
1213 2925 1277 2989 sine

212 3031 275 3096 ulla
296 3030 419 3097 artificii
442 3029 573 3096 alicuius
596 3032 792 3098 excusatione
821 3030 866 3097 sio
894 3032 1004 3115 posito,
1033 3033 1068 3096 ut
1094 3031 1188 3096 etiam
1210 3049 1283 3112 per·-

211 3156 297 3202 verse
331 3139 430 3219 priore
464 3138 530 3203 loco
559 3138 729 3204 masculino
758 3156 870 3221 genere
892 3137 1089 3219 acciperetur,
1111 3137 1282 3222 posteriore

212 3242 357 3308 feminino
380 3244 490 3322 (θεῶν
521 3243 628 3330 μιᾶς),
662 3244 865 3311 recentissimi
898 3245 1032 3310 editores
1066 3244 1196 3326 utraque
1229 3261 1277 3307 re·

211 3346 449 3432 protensione
441 3371 472 3416 ιιι
503 3367 594 3415 unam
626 3350 756 3416 mndata
778 3351 818 3415 ed
839 3368 906 3416 eam
930 3349 1134 3418 amovendam
1155 3365 1282 3432 prorsus

211 3455 383 3522 temerariis
406 3458 438 3522 ot
457 3457 608 3538 perversis
630 3456 774 3522 remediis
796 3455 845 3521 usi
867 3460 946 3522 eunt.
956 3458 986 3532 *ι

262 3664 288 3733 *)
307 3663 467 3721 Dindorfiue
486 3666 609 3737 scripsit:

422 3755 537 3826 Ἀτέας,
557 3755 572 3817 ὁ
594 3759 769 3830 gelidumve
787 3756 909 3828 οὐρανὸν
928 3761 1005 3815 θεῶν

428 3847 501 3922 dxciv
519 3851 640 3909 naturis
659 3849 736 3909 οἶκον
758 3852 788 3908 ἐκ
805 3855 889 3922 τριῶν
907 3854 973 3922 μιᾶς

426 3947 503 4000 θεῶν
522 3943 607 4015 ἔφυσε
625 3949 724 4001 Μαῖαν
742 3967 766 4000 ιι
784 3965 807 4000 τ.
829 3951 851 4001 l..

311 4038 378 4092 setis
405 4038 520 4094 licenter
546 4038 637 4094 verbis
664 4040 845 4109 transpositis
869 4044 897 4094 et
923 4039 1048 4108 mutatie3
1077 4037 1159 4106 longe
1188 4042 1278 4092 tamon

310 4129 441 4185 audacius
460 4131 675 4187 Horuerdenus:
