2740 4572
263 263 323 328 274
622 261 683 320 Lib.
701 263 736 319 Π.
756 263 821 336 cop.
835 265 884 336 ul.

319 461 396 527 Ibid.
421 463 440 524 9
463 459 507 540 (in
530 462 668 545 exemplo
689 461 885 542 Stratoclis)z
907 464 960 529 At
981 462 1173 529 consiliis
1197 481 1293 545 oap-

218 570 281 632 tas
302 567 437 634 erarii
459 587 568 651 opes,
605 587 702 651 quas
729 566 883 650 capitis
905 589 1050 653 ungero
1072 588 1147 636 non
1170 571 1294 653 pote·

218 675 304 740 stis.
362 672 454 739 Varie
490 677 523 740 st
554 673 704 740 violenter
734 673 801 740 haec
833 677 1002 754 tentantur,
1036 679 1068 740 et
1101 677 1140 740 ad
1170 678 1292 742 lacunae

219 780 424 864 suspicionem
447 781 629 864 confugitur.
663 779 812 846 Faciliora
834 781 886 847 via
908 801 1011 846 rerum
1029 781 1154 846 restitui
1169 783 1291 865 potest:

219 888 269 950 At
291 886 483 952 consiliis
505 886 630 954 fractam
657 886 791 952 aerarii
821 905 931 968 opes,
961 904 1032 972 qnae
1054 887 1185 972 capitis,
1218 905 1292 952 au-

217 1011 308 1076 gere
331 1012 403 1058 non
426 995 613 1074 potestis.
664 993 832 1058 fractas
853 992 917 1057 iarn
940 994 1076 1058 Iacobus.

319 1131 397 1199 Ibid.
417 1133 453 1195 16
470 1134 514 1210 (in
530 1135 669 1217 exemplo
686 1134 932 1212 Demosthenis):
954 1133 983 1198 N
991 1153 1081 1212 unc,
1105 1135 1287 1216 quoniam

218 1240 262 1302 do
283 1257 358 1316 me,
380 1241 422 1303 ut
446 1241 570 1319 volni,
605 1240 818 1324 cognostis
846 1241 1040 1306 iudicium
1065 1259 1132 1322 per
1153 1241 1289 1321 ipsius

217 1345 321 1410 vitia
350 1345 599 1412 constituam
629 1366 714 1411 nam
745 1347 831 1412 dum
860 1366 956 1429 opus
986 1352 1056 1412 est.
1103 1347 1148 1410 lix
1170 1344 1288 1411 litteris

217 1453 288 1533 post
324 1470 402 1517 vera
439 1454 598 1534 scripturae
633 1452 884 1534 depravationem
921 1457 953 1518 ot
986 1452 1217 1518 dissolutionem
1252 1453 1285 1515 in

219 1559 395 1627 Latinarum
416 1577 522 1624 uocum
540 1560 673 1642 speciem
689 1559 842 1643 quandam
857 1561 1074 1644 conglutinatis
1090 1558 1285 1624 efficiendum

218 1666 352 1730 ridetur:
376 1664 487 1730 Nunc
510 1713 516 1728 .
540 1713 547 1728 .
572 1713 578 1728 .
602 1667 828 1750 cognostis,
852 1667 983 1744 indices,
999 1682 1175 1752 parumper
1188 1664 1285 1730 istius

217 1770 286 1834 vita
318 1771 543 1838 constituenda
574 1772 607 1838 in
643 1771 743 1838 oculis
776 1774 846 1838 est.
904 1774 941 1839 In
977 1772 1081 1839 codice
1118 1772 1284 1855 archetypo

179 1959 180 1967 ἵ
217 1877 350 1941 breviter
371 1877 518 1958 scriptum
541 1878 640 1943 fuerat
661 1879 737 1943 iud.
760 1898 813 1962 pro
835 1880 1002 1946 iudices.

319 2017 395 2082 lbid.
428 2019 465 2080 19
498 2021 542 2098 (in
577 2019 715 2103 exemplo
748 2020 945 2103 Hyperidis):
979 2021 1103 2102 Leges
1136 2019 1283 2103 igitur,

218 2141 300 2206 quae
336 2124 608 2204 prohibebant
643 2127 739 2207 baec,
778 2146 850 2193 non
887 2127 1153 2212 negligebas?
1200 2125 1282 2190 Non

216 2235 411 2312 poteram,
446 2236 661 2314 propterea
694 2234 795 2317 quod
825 2233 985 2300 litteris
1015 2252 1146 2298 earum
1176 2250 1282 2296 arma

216 2337 476 2403 Macedonum
509 2341 698 2422 opposita
730 2341 997 2406 obsistebant.
1050 2341 1166 2404 Minore
1189 2338 1281 2402 moli-

216 2445 307 2522 mine,
330 2464 421 2527 quam
445 2463 504 2527 quo
526 2445 667 2511 Halmius
696 2466 768 2513 usus
786 2448 856 2526 est,
884 2465 990 2511 verum
1019 2445 1199 2510 restituetur
1220 2444 1280 2508 sic:

215 2549 341 2632 Leges
363 2549 510 2634 igitur,
529 2569 611 2633 quas
633 2552 905 2636 prohibebant
926 2551 1021 2629 haec,
1040 2571 1110 2616 nou
1127 2550 1280 2636 legebas?

215 2655 296 2719 Non
329 2658 527 2738 poteram,
568 2661 784 2739 propterea
816 2659 916 2741 quod
950 2642 1279 2723 litterisoarum

214 2778 320 2826 arma
354 2761 612 2829 Macedonum
647 2763 836 2846 opposita
868 2765 1133 2830 obsistebant.
1180 2763 1280 2847 Urget

215 2867 408 2932 adversarius
430 2867 657 2951 interrogando,
678 2889 753 2933 num
782 2871 818 2948 is,
848 2871 901 2952 qui
924 2871 1059 2935 oratione
1081 2888 1114 2934 se
1132 2867 1278 2948 defendit,

213 2973 298 3055 loges
330 2973 394 3036 suis
426 2970 634 3057 rogationibus
668 2974 836 3040 contrarias
869 2976 1055 3060 ignoraverit
1083 2996 1138 3041 nec
1160 2977 1277 3059 legerit.

214 3078 392 3160 Respondet
413 3081 526 3159 orator,
548 3099 580 3145 se
603 3099 654 3146 eas
670 3083 794 3163 propter
813 3102 899 3148 arma
913 3083 1116 3148 Macedonum
1140 3082 1279 3166 opposita

212 3183 314 3270 legero
346 3205 405 3252 non
438 3186 584 3269 potuisse,
606 3183 676 3253 'hoo
708 3190 765 3266 ost,
799 3207 850 3253 eas
882 3187 913 3254 vi
945 3207 1097 3254 armorum
1128 3189 1278 3255 invalidas

213 3289 314 3357 fuisse.
352 3291 412 3374 [Sic
434 3294 496 3359 iam
518 3293 656 3375 Tollius]
1258 3283 1260 3288 ⁸

313 3433 381 3499 Lib.
403 3435 487 3511 Ilo
515 3435 547 3500 in
574 3435 712 3518 exemplo
735 3435 867 3501 Charisii
896 3436 1091 3501 scribendam
1114 3438 1177 3501 est:
1201 3436 1277 3501 bac

213 3539 248 3604 si
271 3559 445 3622 praesens
467 3543 576 3626 agat,
592 3545 634 3606 ut
656 3541 757 3620 dixi,
773 3540 1032 3624 respublica,
1049 3540 1274 3623 quidanimi

214 3643 285 3710 sitis
306 3645 507 3727 habituri,
530 3666 671 3730 quaero.

311 3763 388 3828 ibid.
415 3765 451 3826 18
474 3765 517 3841 (iu
541 3764 679 3848 exemplo
702 3765 950 3843 Demosthenis):
979 3754 1125 3830 Vestra
1145 3783 1276 3846 opera,

212 3870 500 3948 Athenienses,
531 3871 569 3934 in
592 3871 705 3936 tanto
731 3889 793 3934 res
816 3872 980 3952 publica
1001 3872 1182 3953 periculo
1204 3877 1274 3936 est.

216 3975 424 4042 l'oseaim
457 3977 676 4043 defendere
706 3977 924 4044 defecistis
953 3979 1011 4042 cet
1056 3976 1274 4043 Scribonium:

211 4079 288 4145 Vos
311 4081 412 4145 enirn
435 4082 476 4146 do
497 4081 618 4147 fodore
641 4083 870 4148 defecistis.
