2712 4576
259 267 318 332 m
621 265 876 336 mmmm

216 484 283 532 esse
305 465 492 532 sententiam
513 469 545 531 ιι
572 465 761 540 orationem
790 462 845 530 sed
874 463 957 546 quod
984 460 1165 544 simpliciter
1192 460 1294 524 rerba

215 572 283 639 tolli
305 592 400 656 nuper
423 573 548 656 quidem
570 572 742 647 voluerunt,
771 588 870 653 oeque
899 587 991 636 cause
1021 569 1052 633 ιι
1068 568 1163 652 ¹origo
1193 565 1293 631 eddi·

216 680 346 746 tumcnti
362 678 559 763 intelligitur,
575 678 657 762 quod
671 677 842 759 praesertim
856 676 887 741 in
911 673 1140 756 compendii
1162 673 1295 740 nomine

216 783 410 870 antiquitatis
433 784 567 850 colorem
588 783 708 862 habeat,
733 784 766 847 et
787 783 891 865 potest
907 779 1055 858 etiamsi
1071 780 1173 847 solum
1189 778 1293 844 relin-

216 894 321 976 quitur
335 893 371 962 iu
392 891 597 958 uberrima
618 909 678 967 re,
694 887 862 954 desiderari
877 887 995 970 aliquid
1009 887 1041 952 in
1060 885 1295 970 significatione

214 999 383 1065 occasionis
405 998 527 1065 sceleris
550 997 582 1062 et
603 997 764 1061 turturum
808 996 913 1079 Longe
928 993 1117 1078 probabilius
1133 994 1182 1058 est
1197 991 1292 1058 (lice-

214 1123 320 1171 ronem
338 1105 513 1189 scripsisse:
535 1104 574 1168 in
596 1103 803 1169 uberrima
823 1119 863 1166 re
885 1100 1048 1182 <od>t
1056 1117 1153 1180 urpe
1175 1117 1292 1165 com-

215 1210 419 1294 pendium,
442 1211 499 1276 hoc
522 1213 579 1289 ιιι,
602 1209 631 1273 in
655 1227 698 1286 re,
721 1227 789 1290 quae
811 1207 997 1272 uberrimam
1020 1192 1293 1289 praelr'eretturpis

215 1316 388 1402 compendii
410 1316 582 1382 materiam.
627 1315 688 1392 (De
721 1313 826 1379 ordine
858 1313 1031 1396 uerborum,
1064 1312 1092 1377 si
1122 1330 1199 1394 opus
1226 1316 1291 1390 est,

215 1423 346 1489 conferri
367 1423 506 1505 possunt,
529 1440 596 1506 quae
618 1420 726 1502 scripsi
749 1418 876 1486 Emend.
899 1419 964 1484 Lis.
986 1437 1015 1500 p.
1041 1419 1125 1495 331.)

316 1585 465 1651 Ibidtez
488 1583 564 1650 Sed
587 1603 672 1649 eum
695 1585 728 1648 L.
752 1584 890 1649 Flacci
913 1601 975 1648 res
997 1585 1149 1666 egetur,
1173 1585 1292 1650 cuius

215 1709 258 1756 ιι
280 1690 440 1756 familie
461 1691 528 1773 qui
550 1692 704 1772 primus
727 1689 869 1756 consul
891 1690 1019 1756 faetus
1042 1692 1114 1764 ιιι,
1136 1690 1291 1772 primus

214 1799 254 1860 iu
276 1797 346 1861 hec
368 1795 544 1862 civitate
567 1797 707 1862 consul
728 1797 825 1872 tuit,
847 1799 965 1862 cuius
995 1796 1151 1861 virtute
1171 1797 1290 1880 regi·

215 1905 287 1968 bus
322 1902 610 1968 exterminatis
645 1903 823 1970 libertas
858 1903 896 1966 in
928 1920 968 1966 re
997 1901 1291 1984 publicacon-

215 2007 369 2074 stituta
400 2012 479 2084 est,
512 2027 594 2092 quae
626 2014 754 2094 usque
784 2010 829 2075 ad
861 2008 934 2074 hoe
966 2009 1288 2092 tempusdono-

215 2115 343 2188 ribus,
376 2114 580 2198 imperils,
612 2127 742 2181 rerum
775 2117 990 2199 gesturum*
1013 2115 1150 2200 gloria
1174 2133 1291 2181 ›con-

215 2221 377 2287 tinuata
397 2222 626 2304 permensit
648 2223 708 2288 eet.
751 2221 1041 2287 Manifestissimum
1063 2224 1111 2286 est
1132 2222 1288 2288 orationis

214 2327 577 2406 sentententiam
607 2329 748 2411 apertum
772 2329 820 2393 ιιι
842 2327 924 2393 enim
946 2327 1127 2410 pronomine
1148 2325 1241 2391 relat'
1215 2328 1291 2392 trra

213 2433 326 2500 aulus
349 2433 471 2511 (rirtn
480 2435 586 2512 tete)
608 2453 691 2518 quae
713 2435 751 2499 ed
774 2434 1068 2500 familiaenomen
1084 2433 1199 2511 referri,
1217 2436 1288 2511 sed,

213 2544 249 2607 ut
280 2560 360 2606 nune
392 2541 485 2608 rerba
517 2540 656 2607 scribunt
642 2545 702 2618 tur,
735 2541 820 2606 uullo
850 2540 943 2607 modo
972 2560 1042 2606 curu
1070 2559 1106 2606 eo
1135 2541 1289 2626 coniungi

213 2665 313 2730 posse,
335 2645 481 2730 quoniam·
500 2647 673 2713 certissima
691 2647 854 2730 anaphorae
869 2648 967 2734 figure
982 2646 1290 2730 comprehenduntur

213 2753 295 2818 haee:
318 2751 431 2817 cuius
454 2758 512 2828 (ιι
533 2751 719 2832 familia),
742 2753 858 2820 cuius
880 2753 1074 2832 (uirtute),
1104 2771 1184 2836 quae
1208 2755 1286 2830 (etsi

173 2857 176 2861 ’
213 2861 245 2923 in
267 2859 324 2924 hoc
345 2858 479 2922 extremo
502 2861 653 2941 repugnat
673 2868 795 2942 genus).
811 2941 813 2950 y
828 2859 1028 2943 Perspicuum
1050 2862 1098 2926 est
1119 2860 1290 2943 aequaliter

213 2964 373 3030 decurrere
395 2963 503 3030 debere
526 2966 589 3038 tres
611 2963 738 3031 laudum
760 2951 875 3051 gradus
897 2964 936 3031 ed
963 2959 1124 3045 familiam,
1155 2985 1217 3032 non
1240 2969 1285 3034 ad

213 3069 315 3137 Flacci
337 3087 499 3152 personam
521 3072 751 3153 pertinentium,
777 3074 830 3138 sed
852 3073 907 3139 hus
929 3071 1055 3138 familiae
1077 3067 1184 3139 laudes
1209 3093 1286 3139 eum

213 3179 321 3246 Flacco
344 3177 530 3264 copulandas
552 3196 629 3244 esse.
675 3179 785 3262 Itaque
807 3179 913 3246 Cicero
944 3180 1117 3249 necessario
1138 3177 1287 3250 adhunc

210 3285 341 3352 formem
356 3283 494 3366 scripsit:
511 3302 553 3350 ιι
568 3275 883 3382 <oo>familie,
899 3285 1012 3352 euius
1033 3285 1103 3369 qui
1125 3285 1281 3368 primus

212 3390 354 3456 consul
375 3391 509 3456 fectus
532 3393 610 3468 ιιι,
633 3392 785 3474 primus
806 3390 843 3458 iu
865 3391 937 3458 huo
959 3389 1124 3459 civitate
1146 3394 1283 3459 consul

211 3497 305 3573 suit,
329 3497 731 3576 ouiusrirtute...,
760 3482 1071 3581 quee'usquecet.
1122 3499 1203 3564 Fieri
1224 3518 1282 3583 po·

210 3602 288 3681 ιιι,
305 3603 339 3668 ut
355 3603 501 3685 scriplum
518 3603 626 3670 fuerit:
649 3603 683 3668 L.
700 3604 883 3671 Flacci..
886 3603 1072 3687 ,<ιίιίι>
1088 3623 1130 3670 ιι
1152 3624 1195 3670 ea
1216 3606 1278 3670 fu-

210 3706 340 3786 milie,
363 3707 478 3774 ouius
501 3710 566 3792 qni
589 3711 658 3788 cet,
680 3710 712 3775 ιι
733 3728 815 3776 error
837 3714 922 3777 ortus
944 3712 985 3776 sit
1000 3730 1036 3777 ιι
1050 3712 1281 3796 permutatione

209 3799 355 3880 similium
389 3813 563 3880 litterarum
598 3795 704 3881 ciuis
737 3817 769 3883 ιι
801 3818 924 3883 cuius.
979 3815 1038 3897 Qui
1073 3816 1123 3885 hic
1155 3836 1278 3901 quoque

207 3921 337 4000 licenter
359 3887 488 3986 delendo
510 3939 543 4012 se
565 3921 729 4004 expedivit,
752 3941 821 3987 enm
845 3923 921 3989 nihil
944 3942 1053 3989 moror.
1125 4010 1127 4014 Υ

309 4085 390 4154 Ibid
406 4086 476 4152 .:38
508 4086 659 4152 Haec.
682 4090 947 4172 magnitudo
979 4091 1202 4157 animorum
1234 4091 1275 4158 in
