2728 4582
481 262 690 318 Demosthenes.
830 255 833 260 ’
1037 262 1077 324 47

71 460 252 543 significatur
284 459 416 541 quodam
445 461 537 527 modo
567 460 694 526 effeetus
721 459 781 526 τοι]
805 458 954 541 τολμᾶνε
988 476 1067 532 „non
1088 459 1120 525 in

67 567 188 630 animum
212 565 363 632 inducunt
392 567 604 632 testimonium
634 585 724 631 snum
755 584 861 648 reapse
889 565 1068 631 confirmare
1089 567 1122 631 et

68 671 184 746 efficere,
206 673 243 737 ut
264 675 362 738 testes
387 681 440 747 (-
461 674 536 738 sunt
557 674 663 738 autern
684 673 744 756 lpsi
766 675 820 756 -)
843 673 1043 738 liberentnr“.

151 777 230 844 Ibid.
240 777 298 844 1o:
332 780 386 845 ant
403 771 535 844 τούτων
551 771 593 845 ου’
606 784 924 864 προσποιουμένων,
936 771 1021 844 α’λλδ
1032 771 1119 864 λόγῳ

64 890 119 970 μὲν
137 878 406 969 μαρτυρούντων
429 879 470 951 rui
493 887 617 970 ψευδῆ,
642 893 724 975 ἔργῳ
748 887 782 952 δὲ
805 879 847 951 ου’
861 881 1120 969 παραδιδόντων

64 987 117 1077 τήν
136 989 339 1076 ἄνθρωπον.
384 990 465 1072 Quid
486 992 537 1057 hle
558 992 714 1076 significet
731 993 1045 1079 προσποιουμένων,
1067 1010 1119 1056 ex·

64 1100 187 1184 cogitare
210 1116 346 1181 neque03
369 1114 469 1178 neque
491 1097 574 1164 enim
596 1100 759 1166 simulasse
782 1100 881 1165 orator
901 1097 1119 1181 nogatadrsr·

62 1208 155 1284 sarias,
178 1205 235 1270 sed
256 1203 357 1288 potius
380 1203 590 1270 simulationis
612 1207 744 1271 aoousat.
788 1205 861 1272 Sine
876 1204 968 1269 dnbio
984 1203 1118 1268 scriben-

23 1369 24 1374 ,
62 1314 124 1376 dum
145 1314 194 1377 est
215 1303 258 1376 ου’
280 1317 580 1394 προσιεμένων.
633 1310 702 1377 Non
737 1311 896 1377 admisisse
925 1309 1117 1375 adversarios

61 1437 119 1484 suas
141 1435 246 1502 preses
267 1416 552 1499 postulationesque
575 1416 660 1482 dioit

148 1558 373 1624 Ibidloetao:
388 1551 473 1624 διότι
483 1558 529 1634 δι’,
540 1551 602 1643 ἐγώ
610 1550 696 1640 υμῖν
705 1551 922 1645 διηγήσομαι.
932 1563 1048 1644 ἔτυχεν
1063 1561 1119 1622 ἐκ-

62 1663 229 1731 πλεουσών
240 1655 385 1748 τριήρων
398 1665 451 1730 καλ
463 1660 615 1750 βοήθεια
628 1658 908 1752 α’ποστελλομὲνη
920 1663 974 1731 διδ
986 1656 1117 1752 τοίχους.

61 1771 132 1850 Quid
165 1773 207 1837 sit
239 1777 331 1857 ἔτυχε
352 1765 503 1856 βοήθεια
537 1765 825 1860 α’πσστελλομὲνη,
854 1791 960 1840 omnes
989 1772 1116 1847 noruot3

59 1876 125 1959 quid
155 1883 273 1964 ἔτυχεν
302 1879 517 1946 ἐκπλεσυσὼν
549 1874 702 1964 τριήρων,
737 1897 835 1954 nomn,
868 1879 983 1963 opinor.
1034 1876 1116 1958 Quid

60 1984 244 2057 dieidsbeat.
267 1985 343 2050 satis
364 1987 562 2051 manifestum
575 1989 632 2066 est,
655 2005 728 2052 nasu
749 1983 906 2065 accidisse,
928 1985 963 2048 ut
985 2003 1020 2050 eo
1035 1987 1117 2049 tem·

21 2087 23 2104 '
59 2108 123 2169 pore
143 2090 286 2156 triremes
307 2093 507 2177 enavigarent
535 2095 567 2157 et
589 2092 743 2175 expeditio
764 2090 950 2157 mitteretur.
1005 2089 1117 2155 Videat

58 2196 129 2298 milri
148 2217 229 2263 nune
250 2199 373 2280 aliquis.
402 2217 495 2281 quarn
524 2198 586 2264 leni
616 2198 771 2265 medisina
798 2216 906 2263 rernm
935 2197 1117 2262 rest'tuatnr

58 2305 164 2369 remoto
189 2323 299 2388 errore,
322 2325 381 2388 quo
414 2303 565 2370 librarius·
589 2306 665 2372 duas
687 2323 776 2372 vooos
797 2305 830 2368 in
850 2320 944 2366 unam
965 2301 1116 2377 conflavit,

20 2425 21 2448 ³
59 2407 161 2475 deinde
194 2410 274 2475 hane
305 2430 367 2476 una
399 2409 504 2476 littera
537 2411 643 2477 addita
677 2409 826 2495 explevit3
860 2408 1010 2489 seriptum
1033 2407 1115 2472 enim

57 2514 162 2581 fuerat:
212 2523 328 2604 ἔτυχεν
364 2520 552 2592 ἔκπλους
586 2513 642 2583 ὧν
687 2509 834 2602 τριήρων
871 2515 926 2579 καὶ
962 2499 1114 2600 βοήθεια

58 2615 326 2710 σ’ποοτελλομένη
352 2619 407 2690 διδ
430 2619 563 2711 τάχους.

147 2765 198 2849 ol,
224 2766 278 2829 11:
302 2760 469 2852 θαυμάζω
504 2759 533 2832 δ’
565 2771 669 2851 ἔγωγε
704 2763 738 2829 τί
771 2756 812 2848 δή
841 2788 925 2828 ποτε
954 2763 1022 2829 τοῖν
1050 2767 1115 2847 μὲν

59 2871 180 2936 ναυτῶν
214 2865 296 2944 τοδς
331 2864 639 2956 α’πολειπομὲνους,
673 2858 721 2935 οἷν
751 2863 932 2956 τριάκοντα
963 2867 1115 2957 δραχμσῖς

57 2985 184 3053 ἕκαστος
199 2985 263 3066 ἔχει
275 2973 399 3064 μόνας,
422 2981 532 3046 δέουσι
556 2981 611 3044 καὶ
635 2972 834 3058 κολάζουσιν
856 2966 962 3044 οὗτοι·
991 2979 1058 3043 τῶν
1081 2978 1114 3045 δὲ

57 3078 256 3172 τριηράρχων
282 3083 363 3159 τούς
391 3081 442 3171 μη
477 3088 727 3171 συμπλέοντας,
751 3073 798 3149 οἷν
820 3078 1000 3169 τριάκοντα
1022 3085 1115 3167 μνᾶς

56 3195 97 3264 εἰς
116 3193 285 3260 ἐπίπλουν
307 3195 445 3278 εἴληφεν
466 3203 618 3271 ἕκαστος,
650 3186 691 3259 οδ
718 3185 828 3258 ταῦτα’
851 3186 983 3258 ποιεῖθ’
1013 3186 1114 3278 ὑμεῖς

58 3322 81 3362 ι.
99 3326 125 3366 ι.
148 3301 176 3366 λ.
220 3299 290 3365 Non
317 3299 357 3364 ad
382 3300 600 3366 incurrendum
629 3300 661 3364 io
686 3299 822 3364 hostiurn
843 3317 936 3365 naves
958 3299 1013 3364 aut
1033 3318 1114 3382 prae·

57 3401 134 3482 sidia,
165 3405 248 3489 quod
279 3404 446 3480 ἐπίπλους
468 3406 629 3492 signifieat,
664 3406 719 3470 sed
751 3405 791 3471 ad
824 3405 1048 3489 enavigandum
1082 3409 1114 3470 et

57 3511 270 3591 expeditionem
303 3530 380 3577 nave
412 3514 490 3579 bene
521 3513 674 3578 instructa
704 3511 930 3594 suscipiendam
952 3512 1113 3577 trierarchi

57 3618 206 3694 pecuniam
229 3618 428 3700 accipiebant.
480 3619 588 3702 Itaque
621 3617 816 3685 seribendum
849 3619 898 3684 est
929 3622 978 3693 εἰς
1010 3611 1112 3684 α’πό-

57 3724 192 3816 πλοσν.
241 3723 322 3790 Nam
351 3727 377 3792 si
404 3725 472 3809 quis
494 3727 597 3809 potius
619 3729 668 3799 εἰς
691 3727 818 3792 ἔπιπλα
841 3727 1034 3793 scribendum
1056 3744 1112 3810 pu·

56 3827 166 3912 laverit,
195 3831 330 3914 primum
363 3833 467 3898 obstat
495 3831 627 3897 mutatio
647 3831 820 3913 violentior,
843 3833 953 3899 deinde
975 3832 1057 3915 quod
1078 3832 1111 3897 in

57 3950 85 3998 re
103 3939 200 4006 nauali
224 3931 327 4022 σκεύη
349 3939 451 4020 potius
474 3957 567 4021 quam
590 3941 718 4005 ἔπιπλα
742 3940 944 4023 appellantur.

145 4077 225 4157 LIII,
248 4080 306 4145 24:
363 4073 522 4168 ἡγούμην
542 4073 608 4166 γδρ
631 4074 672 4146 οὐ
703 4075 888 4168 προσήκειν
916 4077 991 4163 ἐμοὶ
1021 4069 1110 4143 ἰδιώ-
