2740 4572
5 59 9 310 ι
425 214 584 312 Ammianus
602 256 786 312 Marcellinus.
1035 219 1095 322 261

64 469 321 536 cernensque
343 455 519 532 acutum,
539 451 653 518 molli
675 453 842 536 capillo,
860 455 964 520 rasis
983 454 1141 522 assidue

64 557 1140 644 gensibuslucentibusaddecorem,usqueadpubem

65 665 115 730 ab
150 663 255 746 ipsis
287 663 388 732 colii
420 664 616 730 confiniis
650 665 893 750 longiorcet.
942 665 993 730 Sic
1016 665 1141 732 codices

13 844 17 855 1
66 769 132 834 fide
156 768 241 852 digni
264 769 327 834 VP.
383 769 471 848 Quod
502 789 538 834 ex
566 771 769 836 deterioribus
797 771 915 837 editur:
949 773 1053 838 rasis
1076 791 1141 838 as·

5 891 6 894 ’
67 875 190 940 sidue
223 875 339 959 genis
372 877 609 942 lucentibus
638 877 683 942 ad
712 877 910 955 decorem,
950 885 1070 944 rectum
1093 880 1143 944 est

67 984 206 1066 genis,
240 981 295 1046 sed
326 982 497 1047 occultatur
529 983 696 1066 vestigium
727 984 924 1050 manifestum
955 985 1140 1052 substantivi

5 1151 6 1156 ,
67 1088 144 1170 poet
176 1085 209 1150 id
241 1087 423 1152 vocabulum
457 1088 580 1155 latentis
609 1090 642 1152 et
672 1089 772 1170 prima
801 1092 888 1172 perte
910 1091 1061 1164 truncati;
1084 1108 1141 1155 nec

69 1210 162 1276 genae
183 1191 308 1258 assidue
331 1211 407 1257 rasae
428 1193 468 1259 ad
491 1193 631 1260 decorem
647 1194 748 1259 lucere
764 1199 835 1278 epte
851 1197 1003 1262 dicuntur.
1026 1197 1142 1262 Emen-

69 1297 159 1362 datio
182 1297 335 1362 etfacilis
358 1299 569 1376 estetcerta:
593 1300 698 1364 rasis
720 1302 885 1368 assidue
906 1301 1039 1387 genis,
1062 1301 1143 1368 den·

68 1403 161 1470 tibus
185 1403 421 1472 lucentibus
443 1406 488 1472 ad
513 1404 696 1470 decorem
718 1408 777 1472 cet

175 1508 242 1574 Lib.
254 1509 356 1587 XXII,
370 1512 447 1586 tt:
470 1509 570 1576 Dein
586 1510 753 1589 (Iulianus)
769 1511 1010 1577 Mamertino
1030 1511 1144 1576 ludos

70 1617 220 1680 edente
244 1617 467 1695 circenses,
501 1617 857 1684 manumittendis
887 1637 930 1682 ex
951 1635 1057 1683 more
1079 1617 1142 1682 in·

72 1723 213 1788 ductis
236 1767 243 1784 .
267 1768 274 1783 .
298 1768 305 1785 .
327 1719 414 1804 ipse
435 1721 524 1806 lege
547 1724 611 1806 egi
632 1723 794 1789 dixerat
816 1729 875 1788 cet.
914 1723 974 1802 Qui
988 1723 1143 1805 praesidet,

71 1829 146 1911 lege
168 1828 219 1910 agi
240 1827 336 1904 iubet,
360 1846 417 1892 non
440 1828 524 1892 dicit.
565 1829 599 1894 ln
623 1827 777 1894 codicibus
800 1829 944 1895 scribitur
969 1827 1057 1911 lege
1079 1831 1144 1913 agi

71 1933 222 1998 ductus
245 1933 413 1998 dixerat.
468 1933 601 2000 Videtur
622 1937 764 2001 subesse:
792 1936 884 2018 iege
914 1935 978 2019 agi
1001 1935 1146 2002 iusserat

72 2039 109 2104 et
131 2037 182 2104 ius
204 2037 373 2103 dixerat.
428 2038 546 2106 Saltem
577 2041 640 2105 ius
673 2040 832 2105 dixerat
865 2041 982 2104 certum
1011 2041 1142 2117 videtur,
1207 2051 1211 2060 “

72 2143 170 2208 etiam
193 2143 232 2208 ob
255 2162 299 2222 ea,
322 2163 390 2228 quae
411 2145 615 2211 subiiciuntur
637 2145 675 2210 de
697 2143 775 2210 iuris
797 2133 930 2210 dictione
954 2146 993 2210 ad
1011 2144 1143 2210 alterum

70 2249 252 2330 pertinenti.

178 2354 253 2421 ibid.
281 2356 298 2438 ξ
320 2355 357 2419 3:
381 2358 653 2440 praeclarique
674 2355 792 2422 illins
814 2354 919 2420 dicti
940 2357 1145 2420 immemor

72 2459 272 2539 Tulliani,
295 2480 368 2544 quo
389 2462 496 2528 tales
519 2461 1036 2528 notandoitarelstumzcet.
1060 2459 1142 2526 Scri-

74 2566 227 2632 bendum:
250 2568 334 2653 quod
356 2569 463 2634 tates
485 2567 660 2634 notando
681 2569 740 2633 ita
760 2567 933 2633 relatum
957 2570 1052 2644 (sti).

5 2621 9 2772 Ι
178 2684 257 2750 lbid.
281 2688 311 2763 8,
336 2687 374 2748 13
397 2687 449 2763 (de
473 2689 535 2763 toi:
565 2689 735 2763 mutata,
756 2687 800 2750 ut
820 2689 946 2767 poetae
968 2684 1143 2768 loquun-

5 2781 6 2830 ἶ
74 2795 157 2867 tur,
181 2791 219 2853 in
241 2792 377 2857 bovem
400 2794 445 2858 ad
467 2791 994 2874 mareIoniumpermeavit.
1015 2789 1145 2860 Codices
1203 2783 1204 2786 ’

74 2895 213 2978 antiqui:
245 2897 468 2979 loquuntur
503 2899 542 2963 in
575 2917 740 2982 usquem
776 2897 823 2962 ad
856 2918 970 2964 mare.
1014 2897 1145 2963 Videtur

74 2999 188 3066 inisse:
210 3006 380 3080 mutata,
404 3005 446 3070 ut
468 3009 591 3086 poetae
613 3004 853 3087 loquuntur,
876 3006 915 3069 in
937 3021 1066 3072 vaccam
1088 3021 1143 3068 us-

5 3155 7 3180 .
75 3123 139 3191 quc
161 3107 207 3172 ad
229 3127 333 3174 mare
357 3109 511 3175 Ionium
535 3112 770 3190 permeavit.

180 3212 378 3290 lbid.10,b:
402 3216 571 3280 inducta
595 3215 633 3279 in
656 3214 854 3280 iudicium
877 3215 1027 3280 femina
1048 3232 1149 3296 quae·

78 3319 263 3386 demeum
280 3321 801 3403 palatinumadversarium
819 3339 930 3384 suum
952 3339 968 3385 e
991 3338 1147 3385 numero

77 3425 353 3506 proiectorum
375 3428 552 3492 cinctum
573 3426 718 3510 prater
739 3443 843 3507 spem
863 3426 1149 3508 conspexisset

79 3532 139 3596 cet.
189 3531 407 3598 scribendum:
439 3551 640 3598 enumero
660 3533 888 3618 protectorum.
939 3531 1144 3598 Notissimum

77 3637 136 3704 hoc
181 3639 229 3701 est
274 3656 372 3721 genus
415 3638 535 3704 militiae
576 3638 729 3721 palatina.
789 3637 855 3716 [Sic
887 3637 1037 3703 editiones
1075 3640 1148 3703 ante

77 3742 263 3822 Vatusium]

179 3849 258 3913 Ibid.
283 3850 332 3928 14,
355 3850 391 3914 5:
414 3848 632 3915 clementia
652 3848 872 3931 principis,
899 3849 966 3931 qui
989 3851 1031 3913 ut
1053 3868 1148 3931 pru·

79 3953 176 4020 dens
212 3955 412 4019 definiuit
444 3956 699 4020 inimieorum
735 3955 911 4019 minuere
944 3972 1148 4020 numerum

79 4079 310 4144 augereque
343 4061 559 4126 amicorum
593 4066 736 4143 sponte
768 4079 837 4126 sua
866 4059 1079 4125 contendit
1105 4077 1156 4125 ac

5 4283 9 4440 i
