2740 4572
465 244 609 300 Cornelius
627 245 728 314 Nepos.
1027 245 1087 307 207

47 441 257 507 scribendum
281 444 364 508 erat:
394 443 569 525 patriam
598 442 769 507 haberet
797 442 907 508 orbis
929 443 1128 508 terrarum

48 547 270 614 dominam.
325 548 440 614 Verum
473 549 518 613 sic
546 546 668 613 tollitur
695 549 794 614 totum
817 566 945 614 acumen
967 547 1128 614 sententia

47 654 78 716 et
101 655 284 740 tautologia
306 655 507 721 intolerabilis
537 654 644 731 oritur,
666 653 819 736 quoniam,
843 653 948 736 quiin
973 655 1129 720 domicilio

46 761 180 841 imperii
192 765 284 826 natus
300 763 356 838 est.
370 759 542 832 necessario
558 760 689 840 patriam
700 759 797 825 habet
812 758 933 842 imperii
949 759 1129 838 dominam.)

47 865 155 930 Paulo
180 868 254 931 ante
276 866 459 938 inanissimo
481 864 654 945 suspicione
677 865 862 931 damnantur
890 866 997 931 verba:
1026 869 1128 949 quod

46 972 252 1038 nonnulli
272 974 331 1037 ita
352 971 684 1052 interpretantur
706 975 764 1036 cet.
806 971 887 1036 Iuris
916 970 1127 1037 consultorum

48 1077 84 1142 de
120 1078 246 1161 duplici
278 1079 403 1144 civitate
437 1078 592 1142 sententia
625 1095 685 1141 non
718 1077 770 1143 ita.
796 1082 961 1160 pervagata
989 1081 1064 1152 erat,
1094 1083 1128 1144 ut
1194 1155 1197 1164 Ι

46 1183 148 1268 vulgo
173 1183 350 1248 hominibus
373 1186 445 1248 nota
465 1180 621 1248 communi
644 1182 787 1266 opinione
809 1184 1067 1265 comprobaretur.

158 1291 240 1356 Ibid.
256 1290 292 1355 9:
314 1287 415 1369 Quin
439 1282 577 1367 etiam,
602 1308 687 1353 cum
711 1289 787 1354 illa
808 1288 941 1367 (l'nlria)
962 1288 1128 1354 fundum

47 1397 236 1460 secunda
273 1395 438 1460 fortuna
471 1395 639 1460 emisset
670 1394 707 1460 in
743 1395 851 1474 diem¹
879 1396 1003 1479 utque
1037 1403 1127 1478 post

49 1501 344 1567 calamitatem
366 1521 571 1567 versuram
595 1500 729 1566 facero
752 1502 1065 1583 potuisset‚ille
1087 1520 1126 1568 se

48 1606 313 1690 interposuit
344 1608 636 1690 pecuniamque
669 1606 756 1673 sine
784 1607 922 1673 fenore
958 1609 1126 1691 sineque

48 1712 1127 1798 nllastipulationecredidit„maximumexistimans

51 1823 252 1900 quaestum
276 1839 484 1886 memorem
507 1820 748 1904 gratumque
770 1822 960 1904 cognosci
983 1821 1125 1886 simul·

51 1945 125 2008 que
151 1926 330 2009 aperire,
352 1945 392 1992 se
415 1944 488 1991 non
511 1927 697 2004 fortunae,
721 1926 790 1991 sed
809 1925 1040 1992 hominibus
1062 1947 1125 1992 so-

50 2029 137 2098 lere
169 2051 259 2098 esse
289 2031 468 2098 amicum.
520 2032 570 2098 Sic
592 2033 738 2099 mendose
760 2031 899 2109 codicem
922 2051 1020 2116 neque
1043 2034 1124 2099 enirn

51 2138 155 2204 solnm
188 2158 337 2222 perquam
369 2139 443 2204 dure
472 2140 566 2221 atque
596 2138 786 2223 ineleganter
808 2138 1035 2220 coniunguntur
1056 2157 1126 2204 scn-

52 2243 156 2310 tcntia
189 2244 312 2309 infinita
343 2246 474 2327 passivae
507 2247 613 2310 torma
646 2248 678 2308 et
708 2242 880 2309 infinitivus
909 2244 1038 2322 activus,
1061 2246 1124 2322 sed,

52 2350 179 2416 etiamsi
212 2348 278 2417 haec
311 2351 483 2417 coniunctio
517 2353 685 2426 excusetur,
714 2369 836 2432 prorsus
863 2367 991 2431 pravum
1015 2368 1070 2431 per
1092 2369 1126 2415 se

54 2460 99 2521 est
122 2457 302 2541 aperire,
326 2457 468 2541 quoniam
496 2475 555 2522 non
579 2458 618 2522 de
639 2457 757 2522 occulto
776 2455 909 2539 quodam
923 2453 1019 2521 animi
1034 2475 1125 2520 sensu

53 2565 107 2626 aut
141 2563 181 2628 dc
215 2565 333 2629 secreto
366 2561 495 2630 consilio
527 2563 690 2646 aperiendo
723 2562 834 2645 agitur,
865 2561 920 2626 sed
940 2562 978 2626 de
999 2561 1124 2646 ingenio

54 2671 252 2753 moribusque
286 2688 393 2751 reapse
427 2670 458 2733 et
490 2669 608 2752 agendo
642 2669 833 2736 declarandis
856 2667 1123 2751 ostendendisque.

54 2772 165 2859 ltaque
198 2775 274 2842 nihil
306 2775 472 2860 proficiunt
495 2775 636 2853 editores,
666 2793 702 2840 er
734 2776 897 2840 temeraria
920 2775 1125 2857 Peerlkampii

55 2883 232 2948 coniectura
265 2881 423 2965 aperire
456 2883 487 2946 in
521 2882 706 2963 aperiens
739 2883 905 2947 mutantes.
953 2881 1058 2976 (Quid
1076 2883 1124 2947 est

15 3015 18 3034 ·
57 2987 137 3052 enim
172 2988 348 3052 huiusmodi
377 2987 628 3052 terminationnm
658 2987 936 3053 dissimillimarum
966 2989 1124 3070 permuta·

56 3091 139 3159 tione
161 3095 432 3172 incredibilinsi)¹
462 3093 665 3159 scribendum
688 3096 770 3158 erat:
800 3093 1002 3175 simulque
1024 3111 1123 3180 appa-

56 3214 138 3277 rere,
167 3220 208 3265 se
238 3195 297 3266 cet.
344 3201 439 3266 Recte
467 3201 528 3266 iam
559 3200 671 3265 coeunt
705 3199 771 3262 duce
804 3199 965 3263 sententiae
986 3197 1122 3264 infinita.

57 3303 122 3381 [Sic
144 3307 205 3370 iam
229 3304 355 3390 quidam
377 3305 459 3389 apud
482 3305 669 3386 schottum]

406 3507 527 3572 Seneca
549 3505 771 3592 Philosophus.

157 3633 279 3700 Seneca
312 3633 495 3717 Philosophi
511 3679 512 3682 ,
527 3619 626 3718 opera,
661 3633 701 3700 ad
734 3653 802 3718 qna
833 3633 1027 3704 emendanda
1062 3653 1122 3700 non

60 3739 196 3823 exiguam
220 3742 380 3806 materiam
405 3743 435 3806 in
456 3741 642 3806 Adversaris
664 3741 770 3807 critica
791 3740 990 3820 contuleram,
1014 3741 1123 3823 postea

58 3860 113 3909 non
137 3846 199 3910 fere
221 3846 325 3930 attigi,
349 3845 407 3914 nisi
420 3841 520 3930 quod,
542 3865 613 3911 cum
635 3846 774 3914 inlibris
797 3848 835 3913 de
857 3846 1014 3914 beneficiis
1038 3846 1122 3910 etde

60 3949 219 4016 clementia
240 3952 355 4019 codicis
371 3951 535 4019 Nazariani
559 3948 717 4035 scriptura
739 3953 859 4036 plenius
875 3956 1006 4019 enotata
1021 3952 1059 4016 ab
1078 3949 1121 4014 M.

60 4053 188 4139 Hauptio
220 4077 270 4124 me
301 4057 512 4124 intercedente
541 4076 609 4122 cum
631 4057 753 4125 Gertaio
780 4057 930 4142 discipulo
953 4061 984 4123 et
1005 4055 1123 4140 collega
