2740 4572
275 238 338 302 m
642 236 894 306 mama

228 433 372 499 :aetatis
400 434 496 502 venia
524 434 590 510 uti;
624 433 838 500 considere
868 429 991 500 simul
1020 438 1078 500 net
1122 429 1330 498 iuveniliter
1358 483 1359 498 ,

234 558 270 607 ao
291 558 378 622 paene
400 541 561 624 pueriliter
583 542 693 607 lusisse
713 539 866 607 Neronem
898 545 930 606 et
958 542 1078 607 eeteros
1106 557 1177 604 oum
1199 535 1328 601 aetatis
1358 549 1359 554 ’

227 648 428 712 exeusatione
463 646 627 732 signifieat.
681 647 750 713 Non
782 648 982 726 intercedam,
1015 647 1042 714 si
1074 645 1144 729 qnis
1175 644 1327 725 propius
1358 689 1359 722 f

235 751 391 818 etiamad
421 753 544 819 litteras
572 752 665 820 scribi
692 754 840 820 maluerit
872 755 1008 820 atatis
1040 769 1124 820 uena
1154 749 1236 827 uti,
1277 753 1325 812 ut

233 857 425 942 significetur
446 877 556 943 proeax
576 860 715 943 quadam
738 861 936 926 exuberantia
957 860 1059 926 atatis
1073 859 1105 924 in
1123 855 1323 922 huiusmodi

234 962 313 1039 lusu,
336 963 478 1046 addique,
501 966 666 1050 quodiam
689 965 961 1042 aliiaddidernnt,
995 967 1025 1031 ii
1059 967 1132 1030 ante
1164 963 1320 1028 oonsi-
1358 973 1359 1014 ὲ

227 1069 342 1148 dere,
365 1076 400 1136 ut
422 1072 521 1137 oratio
537 1091 555 1136 a
569 1071 690 1138 Nerone
705 1073 745 1138 ad
760 1078 879 1138 eeteros
893 1074 1031 1156 apertius
1044 1071 1264 1138 transferatur.
1276 1069 1318 1146 ²⁸¹)
1358 1097 1359 1104 ¹

333 1189 412 1254 Ibid.
437 1189 477 1252 36
500 1191 545 1268 (ἱιι
578 1192 714 1254 oratione
749 1189 886 1257 Suetonii
919 1191 1074 1268 Paulini):
1108 1187 1243 1254 Etiam
1267 1187 1316 1251 in
1358 1265 1359 1276 ἵ

234 1294 377 1361 multis
400 1295 636 1378 legionibus
659 1315 821 1380 pannos,
848 1295 915 1380 qni
936 1297 1078 1379 proelia
1098 1294 1316 1378 profliga-

233 1403 325 1467 rent
346 1405 404 1467 oet.
462 1402 608 1466 Mendum
643 1408 786 1485 apparet;
820 1403 933 1469 littteri
966 1404 1151 1480 oonieetura,
1169 1399 1216 1464 'in
1242 1419 1315 1483 qna
1358 1427 1359 1452 2

234 1508 385 1574 retinetur
419 1508 457 1571 in
494 1509 634 1573 multis
667 1507 916 1592 legionibus,
951 1509 1111 1574 sententiae
1146 1507 1313 1591 generalis
1358 1491 1359 1556 ἶ

193 1691 194 1694 ¹
233 1614 367 1696 speeiem
404 1614 497 1679 elficit
541 1632 654 1697 praua,
701 1613 788 1698 quasi
826 1633 896 1679 cum
932 1615 1093 1697 opprobrio
1130 1613 1311 1689 obliniatur,
1358 1629 1359 1706 ξ

227 1720 327 1784 etiam
362 1738 430 1786 oum
466 1721 573 1786 multae
606 1720 742 1803 legiones
781 1720 861 1798 sint,
903 1739 1015 1802 pauens
1056 1720 1176 1785 fortiter
1211 1737 1312 1803 agere
1358 1751 1359 1756 =

227 1826 267 1889 et
294 1844 359 1890 rem
390 1825 560 1905 decernere,
591 1846 646 1892 nee
675 1827 724 1906 iis,
755 1845 823 1910 quae
852 1827 1065 1905 subiiciuntur,
1096 1829 1192 1907 aptae3
1230 1843 1310 1889 nam
1358 1825 1359 1914 l

233 1931 276 1995 ibi
309 1929 448 2012 pauoitas
482 1951 585 1997 eorum
617 1932 823 2016 significator,
866 1933 918 2015 qui
951 1951 1032 1999 nnno
1063 1933 1165 2014 ipsum
1197 1933 1312 1996 adsint

230 2036 411 2120 bellumque
448 2038 582 2120 plurium
604 2037 723 2104 'labore
760 2044 791 2104 et
829 2058 920 2122 opera
957 2039 1085 2124 dignum
1128 2037 1308 2104 oonlioiant.
1358 2043 1359 2110 l

235 2143 435 2210 Soribendum
457 2148 521 2210 est:
551 2144 629 2211 llsse
655 2163 674 2211 e
698 2149 766 2212 tam
789 2145 931 2211 multis
952 2145 1186 2230 legionibus
1209 2161 1308 2225 pan·
1358 2159 1359 2224 ,

227 2269 315 2329 aeos,
347 2251 413 2334 qui
444 2251 584 2332 proelia
610 2251 901 2336 profligarent,
924 2252 1146 2336 gloriaque
1169 2267 1306 2314 eorum

233 2375 487 2422 aoeessurunr
522 2362 580 2422 eet.
639 2357 778 2422 Oratorie
815 2357 928 2422 multas
965 2359 1101 2441 legiones
1138 2355 1309 2421 Suetonius
1358 2357 1359 2444 l

233 2462 378 2545 appellat,
402 2481 471 2545 qnae
491 2463 523 2527 in
546 2465 614 2546 ipsa
630 2463 789 2528 Britannia
811 2447 955 2548 quattuor
976 2465 1025 2529 vel
1048 2465 1180 2545 quinque
1203 2465 1307 2540 erant,

227 2570 361 2646 oeteras,
394 2587 462 2651 quae
495 2588 549 2652 per
580 2572 680 2634 toturn
713 2571 876 2652 imperium
906 2587 1019 2654 sparsa
1047 2573 1146 2646 erant,
1169 2568 1303 2635 obseura
1358 2569 1359 2656 l

233 2673 456 2759 significatione
478 2676 805 2758 comprehendens.**)
1358 2671 1359 2690 ¹

288 2863 314 2930 *)
334 2864 362 2916 Ο.
382 2862 425 2928 33,
444 2863 492 2916 ubi
510 2862 612 2916 editur:
641 2864 719 2932 quia
737 2864 874 2918 barbari
893 2863 1025 2918 omissis
1045 2861 1203 2916 castellis
1223 2879 1304 2932 prae·

334 2955 501 3022 sidiisque
520 2955 730 3024 militarium,
756 2956 843 3027 quod
862 2957 1063 3012 uberrimum
1082 2956 1250 3025 spolianti
1270 2964 1303 3012 et
1358 2953 1359 3018 ἔ

335 3046 596 3104 defendentibus
633 3049 789 3112 intutum,
824 3051 895 3106 laeti
931 3050 1043 3120 praeda
1079 3056 1112 3104 et
1148 3049 1302 3105 laborum
1358 3035 1359 3072 ³

335 3157 454 3210 segnes
482 3141 656 3211 petebant,
684 3150 759 3198 recte
787 3143 907 3200 Pichene
938 3143 1074 3198 intellexit
1100 3143 1301 3198 militarium

333 3235 430 3291 vitiose
449 3233 503 3308 diei
520 3251 571 3304 pro
591 3251 633 3302 eo,
652 3236 724 3304 quod
743 3244 786 3291 est
808 3237 962 3304 militum3
988 3235 1036 3290 sed
1060 3235 1133 3303 quod
1156 3237 1302 3291 substituit
1358 3219 1359 3252 ¹

333 3328 552 3396 militaribus,
572 3334 599 3383 et
617 3329 758 3382 militum
778 3337 806 3384 et
824 3328 1032 3384 militaribus
1050 3343 1164 3397 prorsus
1178 3329 1301 3384 abundat

336 3425 364 3476 in
383 3421 557 3477 castellorum
581 3428 609 3476 et
631 3421 822 3490 praesidiorum
844 3424 989 3490 mentione,
1015 3421 1187 3476 desideratur
1205 3431 1301 3478 eontra

333 3515 525 3570 molestissime
535 3515 590 3569 loci
608 3516 681 3570 reive
695 3515 786 3583 petitae
800 3517 949 3585 appellatio
961 3514 1075 3585 propria
1087 3514 1177 3569 neutri
1191 3517 1300 3583 generis

334 3606 443 3660 nomine
463 3608 666 3677 comprehensa,
686 3607 721 3662 ad
739 3608 813 3676 quod
830 3607 967 3663 referatur
983 3623 1133 3678 pronomen
1146 3607 1298 3662 relativum.
1358 3599 1359 3686 ξ

334 3699 431 3766 ltaque
456 3700 587 3767 scriptum
609 3699 700 3755 fuerat
723 3702 757 3755 ad
775 3703 847 3756 hano
862 3700 989 3756 formam:
1017 3696 1145 3754 militare
1165 3741 1171 3752 .
1192 3741 1198 3752 .
1220 3743 1226 3754 .
1246 3715 1298 3767 uar,
1358 3699 1359 3768 p

337 3790 422 3857 quod
446 3799 496 3846 eet.
530 3793 658 3848 Fueritne
677 3794 823 3848 militare
841 3795 1003 3860 horreum,
1024 3792 1298 3862 quodmihiaphilo-
1358 3807 1359 3836 ³

334 3884 397 3952 logo
416 3886 575 3940 amanuensi
594 3887 745 3953 subiicitur,
764 3901 799 3939 an
818 3886 893 3940 aliud
911 3885 1024 3954 propius
1042 3884 1187 3952 aptiusque
1205 3887 1296 3948 lateat,

333 3993 388 4030 non
407 3975 515 4031 definio.

270 4069 314 4131 **)
334 4070 362 4121 C.
388 4069 422 4122 39
450 4075 553 4124 certum
581 4075 623 4124 est
650 4086 705 4124 non
732 4072 838 4126 narrari
866 4072 1024 4126 Suetonium
1052 4071 1135 4125 rebus
1161 4073 1296 4140 gerendis,

335 4175 448 4228 quarum
473 4161 547 4215 nulla
571 4161 682 4216 minima
706 4162 869 4230 significatio
892 4165 1024 4232 sequitur,
1043 4164 1183 4220 detentum
1203 4181 1296 4220 ossea
1358 4173 1359 4176 ’
