2712 4576
289 251 348 313 rm
559 258 562 265 ¹
656 250 900 320 mmmr
1348 189 1349 274 l

245 446 364 530 Opinoi·
378 447 555 514 Ciceronem
570 448 747 530 scripsisse:
770 447 828 513 sio
848 447 1103 521 intervallis,
1126 445 1339 512 exclama-

244 553 442 625 tionibus,
473 572 569 620 uoce
603 557 716 620 suari
746 557 785 622 et
814 572 958 619 canora
980 552 1231 620 admirandum
1253 537 1350 620 illi-l

247 658 362 738 ciebat
378 661 509 742 <ita>
524 661 688 727 calebat
704 662 741 727 iu
759 661 926 744 agendo,
944 663 987 726 ut
1008 665 1067 726 cet.
1096 659 1333 742 Praepositione

245 783 316 830 cum
359 768 452 833 verbo
494 767 624 833 molleta
665 765 931 833 accommodatum
966 767 1152 850 gerundium
1191 766 1330 830 videtur

245 871 390 937 oblativis
421 872 673 955 praecedentibus.
724 870 812 937 Nihil
833 873 936 936 tamen
959 871 1079 937 affirmo
1101 871 1159 937 nisi
1181 874 1224 938 de
1246 876 1327 938 uni·

244 997 332 1044 verse
353 981 411 1044 loci
433 978 583 1056 formali
641 1027 644 1033 -

346 1103 423 1170 Ibid.
447 1103 524 1168 2382
557 1104 597 1168 et
626 1104 706 1181 (erat
727 1102 758 1166 iu
782 1103 815 1170 C.
839 1103 956 1179 Macro)
985 1101 1024 1166 in
1054 1102 1328 1167 inveniendis

246 1210 612 1293 componendisque
645 1209 763 1273 rebus
798 1205 896 1272 m'ira
927 1210 1152 1286 accuratio,
1175 1211 1327 1273 utnon
1351 1236 1352 1290 p

244 1315 368 1381 facile
398 1316 436 1379 in
466 1315 551 1381 ullo
581 1314 894 1400 diligentiorem
925 1316 1199 1398 maioremque
1222 1335 1326 1398 cog-

244 1421 434 1489 noverim.
497 1422 786 1489 Aoourationis
823 1440 942 1500 nomen,
980 1407 1063 1503 quod
1098 1439 1196 1504 neque
1233 1423 1327 1504 apud

245 1528 422 1594 Ciceronem
446 1529 518 1594 alibi
541 1547 638 1611 neque
666 1527 748 1611 apud
777 1547 960 1612 quemquam
993 1527 1108 1593 bonum
1130 1529 1322 1610 scriptorem

244 1635 367 1718 legitur,
391 1655 425 1699 eo
447 1636 547 1719 magis
566 1635 770 1717 suspicionem
786 1634 898 1710 movet¹
915 1634 1006 1718 quod,
1022 1634 1050 1699 sl
1063 1634 1095 1699 iu
1111 1653 1171 1699 usu
1187 1635 1324 1700 omnino
1352 1679 1353 1688 η

245 1740 365 1814 luisset,
394 1741 557 1824 multiplex
591 1742 657 1807 eius
691 1741 825 1825 ponendi
859 1741 978 1807 occasio
1013 1742 1131 1819 fuisset,
1168 1742 1200 1805 el
1234 1743 1324 1824 quod

243 1847 346 1928 ipsum
368 1845 556 1912 adiectivum
579 1849 795 1914 accuratus
817 1865 968 1930 nusquam
989 1846 1028 1912 de
1050 1847 1187 1930 personis
1201 1849 1236 1912 in
1253 1849 1324 1913 vir-

245 1954 322 2017 tutis
343 1953 447 2036 aliquo
470 1972 584 2038 genere
606 1953 740 2019 notando
756 1953 875 2019 dictum
890 1955 1049 2037 reperitur.
1088 1955 1183 2019 Recte
1206 1957 1323 2020 eontra

245 2057 366 2131 dicitur,
398 2059 478 2143 qnod
505 2079 523 2124 a
550 2058 697 2125 Cicerone
726 2060 876 2142 scriplum
908 2063 997 2142 puto:
1030 2060 1130 2126 mira
1162 2077 1244 2128 cura
1281 2079 1325 2128 ac
1353 2053 1354 2088 r

244 2167 339 2233 ratio.
382 2167 531 2250 Apparet,
554 2185 645 2249 quam
667 2166 767 2240 facile,
790 2166 817 2230 si
839 2165 987 2248 seriptum
1011 2185 1112 2232 errore
1134 2166 1193 2231 fuit
1215 2168 1323 2232 mira

244 2275 492 2345 curccratio‚
515 2272 588 2339 inde
610 2273 693 2338 nesci
716 2273 852 2356 potnerit
874 2275 1090 2339 accuratio.

344 2396 423 2463 Ibid.
447 2399 525 2462 249:
559 2397 662 2478 Quid
695 2395 826 2480 igitur
859 2398 903 2462 de
935 2397 1009 2463 illo
1040 2396 1219 2469 iudicas,
1251 2396 1320 2462 in·
1354 2459 1355 2480 χ

244 2521 374 2585 qnam,
400 2523 511 2587 quern
535 2523 636 2588 saepe
659 2501 884 2568 audivisti?
934 2503 985 2569 Sic
1007 2503 1143 2569 Ciceroni
1166 2503 1204 2568 de
1227 2504 1326 2569 Mar·
1354 2487 1355 2490 ¹

244 2608 320 2673 cello
343 2611 492 2691 quaerenii
512 2612 624 2675 Bmtus
648 2611 825 2692 respondet:
850 2609 953 2688 Quid
976 2627 1132 2688 censes,
1154 2609 1325 2692 inquit*

244 2713 322 2779 nisi
355 2715 410 2791 id,
445 2714 547 2798 quod
579 2715 795 2781 habiturus
832 2733 872 2779 es
905 2715 1080 2780 similem
1105 2716 1192 2780 tui?
1225 2715 1319 2796 Quod

242 2819 294 2885 hio
316 2817 491 2884 Ciceronem
521 2841 574 2904 pro
602 2840 646 2896 eo,
674 2822 755 2904 quod
778 2827 825 2886 est
855 2839 995 2887 censes
1017 2826 1054 2886 ta
1077 2821 1317 2887 habiturum

244 2945 331 2992 esso
367 2924 545 2990 similem
579 2925 654 3003 tui,
689 2926 804 2994 dixisse
824 2929 935 3010 putant
968 2927 1184 3004 consesid,
1208 2932 1315 3011 quod

243 3033 459 3099 habiturus
483 3050 522 3096 es
545 3051 570 3101 s.
592 3033 615 3096 t.
638 3033 742 3111 (aliter
758 3035 840 3099 enim
855 3036 990 3100 enarrari
1006 3035 1070 3100 haec
1084 3055 1142 3100 non
1158 3038 1319 3118 possunt),

242 3139 322 3204 nihil
350 3143 453 3222 potest
482 3141 581 3223 magis
611 3141 773 3206 barbarum
805 3161 887 3217 esse;
917 3159 954 3206 ne
976 3142 1069 3206 tertio
1092 3143 1218 3226 quidem
1241 3148 1315 3225 post

243 3245 397 3312 Christum
421 3246 533 3312 saeculo
553 3246 714 3329 quisquam
737 3248 781 3312 sia
803 3246 942 3314 dicturus
957 3250 1023 3314 erut
1038 3247 1205 3314 indicativo
1221 3247 1317 3314 modo

243 3359 308 3432 (cs)
330 3353 498 3437 additoque
520 3353 569 3418 id.
624 3353 762 3425 Accedit,
795 3357 877 3436 quod
899 3374 991 3438 provo
1020 3354 1144 3437 ponitur
1172 3353 1310 3419 lutarium

241 3525 402 3534 ,---.,-,,.
418 3526 475 3531 ...-

297 3622 321 3690 *)
340 3623 384 3676 Ad
402 3622 577 3677 deterrendos
595 3622 718 3678 homines
738 3641 754 3678 a
773 3624 935 3680 coniecturis
962 3630 1063 3679 temere
1087 3623 1226 3679 tentandis
1244 3625 1316 3697 utile

343 3731 405 3770 esse
428 3721 528 3784 potest,
557 3716 629 3784 quod
654 3717 706 3771 hoc
725 3717 786 3772 loco
805 3718 943 3787 Kayserus
962 3717 1085 3786 scripsit:
1114 3716 1312 3772 admiranda

344 3807 374 3862 di
382 3809 512 3878 gnitate
530 3809 669 3864 valebat
688 3809 720 3864 in
739 3811 878 3881 agendo,
896 3810 1005 3866 sublato
1017 3810 1103 3865 altero
1116 3810 1209 3879 verbo,
1222 3810 1312 3864 altero

343 3901 669 3973 depravato,·effectoquc
696 3893 748 3958 hoo
777 3904 909 3959 orationis
938 3910 1072 3959 monstro:
1100 3901 1308 3968 intervallis,

344 3995 647 4051 exclamationibus
668 4037 673 4049 .
694 4037 700 4049 .
720 4039 726 4050 .
747 4040 752 4052 .
773 3998 971 4052 admiranda
994 3996 1166 4066 dignitate
1192 3997 1311 4051 valere

343 4092 375 4145 in
394 4089 530 4158 agendo.
