2728 4582
276 236 317 298 60
563 242 566 261 ⁴
638 236 698 291 urs.
717 237 740 290 1.
760 236 825 306 cap.
844 235 891 291 nv.

238 432 427 516 reliquorum
449 433 627 516 Epicharmi
649 435 810 499 verborum
833 433 989 498 sententia
1011 432 1206 517 intelligitur.
1264 431 1317 496 Ea

234 541 394 622 perspicus
414 542 473 626 erit
495 542 632 606 cretione
656 542 700 605 sic
722 540 870 606 distincta
891 542 922 606 et
944 539 1076 623 scriptae

283 682 352 751 Τόν
374 713 410 752 τε
434 688 670 772 πολυτίματον
692 690 797 752 ἔλοπα
822 679 854 761 (n‘
877 677 906 752 δ’
928 678 1033 760 ου’τάς
1055 681 1315 769 καλλιώνυμος)

277 802 335 859 ἕνα
358 788 477 879 μόνον·
502 797 555 860 καί
581 795 687 880 κῆνον
708 786 728 858 c‘
750 791 844 866 Ζευς
866 795 967 878 ἔλαβε
990 786 1197 878 κήκελήσατο

277 904 452 987 κατθέμεν
474 896 565 988 αὐτῷ
588 907 623 967 τί
645 906 676 966 οἱ
701 903 753 966 καί
778 902 819 966 τά
844 896 990 985 δάμαρτι
1015 895 1220 982 θάτερον.

227 1036 258 1122 s
338 1053 475 1118 Ridicule
504 1055 596 1135 poete
625 1055 731 1119 ἔλοπα
764 1055 884 1118 tantum
913 1073 1008 1118 unum
1029 1052 1204 1135 appositum
1228 1051 1314 1118 dicit

162 1244 168 1254 ,
236 1160 441 1239 (accusativus
474 1161 558 1252 enim
597 1180 633 1224 cx
670 1161 772 1234 uerbo,
810 1158 890 1243 quod
926 1158 1127 1241 precedebat,
1163 1158 1312 1242 pendet),

235 1269 377 1343 alterum,
410 1284 480 1330 cum
515 1263 575 1330 duc
607 1266 778 1350 affuissent,
807 1267 912 1332 Icvern
936 1266 1053 1347 cepisse
1074 1267 1107 1330 et
1126 1265 1187 1329 sibi
1211 1265 1312 1330 Iuno·

132 1453 133 1456 Ἴ
174 1357 178 1380 '
236 1375 327 1457 nique
362 1373 466 1455 seponi
499 1373 640 1448 iussisse;
672 1375 797 1438 tentum
830 1373 895 1437 eius
928 1371 1020 1454 piscis
1056 1372 1190 1452 pretium
1228 1391 1312 1436 esse.

236 1480 301 1545 Hcc
334 1478 416 1544 euim
447 1480 541 1544 verba
573 1480 764 1564 significant:
797 1479 839 1543 ut
867 1478 960 1543 illum
983 1473 1056 1554 (τόν
1079 1481 1198 1550 ἔλοπα)
1224 1526 1231 1543 .
1258 1526 1266 1541 .
1292 1526 1310 1552 .,

236 1587 371 1652 alterum
394 1583 515 1651 scilicet
537 1604 553 1647 e
576 1585 703 1650 duobus.

338 1691 422 1755 Fieri
456 1695 568 1775 potest,
602 1697 636 1756 ut
670 1693 762 1757 verba
792 1693 846 1757 uei
881 1693 985 1776 κη’νον
1014 1691 1197 1772 significent,
1220 1690 1309 1755 idem
1353 1693 1354 1697 ’

139 1811 142 1816 ·
237 1798 376 1863 simileue
398 1797 515 1880 aliquid
538 1797 569 1862 in
593 1799 799 1879 superioribus
823 1799 960 1863 versibus
982 1797 1020 1862 de
1042 1796 1101 1862 clio
1125 1797 1209 1879 pisce
1226 1814 1311 1880 prae·

201 1963 204 1976 ‚
237 1903 374 1968 dicatum
398 1903 500 1967 fuisse.
1352 1890 1356 2048 1

339 2093 372 2157 Ρ.
386 2092 446 2155 285
459 2090 709 2176 ilinfregmentc
725 2094 868 2178 Lynceilr
885 2087 904 2158 ὁ
920 2091 953 2158 δὲ
970 2093 1034 2177 τήν
1054 2085 1310 2160 Ἡδυπάθειαν
1354 2085 1355 2088 ’

236 2194 372 2287 γράψας
393 2195 660 2283 παρακελεύεται
683 2200 728 2286 τῷ
750 2196 800 2285 μή
829 2200 1006 2285 δυναμένῳ
1034 2200 1118 2288 τιμῇ
1142 2192 1310 2286 κατεργά·
1354 2245 1355 2255 ι

112 2381 115 2386 ,
240 2314 368 2375 οαοθαι
384 2303 449 2391 τήν
464 2309 661 2391 ἐπιθυμίαν
680 2300 794 2392 αἰλικίρι
814 2302 1006 2391 κτήσασθαι
1019 2300 1308 2394 τήνόψοφογίαν.
1352 2299 1356 2422 λ

237 2414 306 2480 Non
330 2415 466 2478 duceres
490 2414 711 2498 significentur,
740 2433 870 2497 querum
897 2415 924 2480 si
952 2413 1082 2478 alterum
1111 2430 1218 2496 parare
1251 2429 1305 2476 ne·
1351 2452 1354 2463 ·

237 2538 341 2604 quens,
364 2518 460 2584 altera
482 2521 645 2602 querenda
666 2521 719 2598 sit,
743 2522 795 2585 sed
822 2539 883 2584 una
904 2515 940 2604 (ἡ
963 2520 1158 2604 ἐπιθυμία),
1187 2519 1213 2583 si
1241 2517 1307 2581 fieri
1353 2513 1356 2604 i

238 2627 351 2708 potest,
370 2624 478 2707 pretio,
502 2627 527 2690 si
551 2627 661 2698 minus,
682 2626 790 2692 fraude
808 2628 953 2709 paranda.
1003 2626 1186 2691 Tollendum
1209 2625 1308 2709 igitur

239 2727 302 2814 τήν
325 2723 531 2817 ὀψοφαγίαν.
577 2733 654 2797 Rem
672 2733 794 2798 conficit
809 2733 893 2798 locus
908 2730 981 2797 huic
999 2733 1141 2816 geminus
1155 2753 1184 2814 p.
1201 2732 1265 2796 295
1280 2748 1305 2796 ο.

339 2921 374 2990 Ρ.
398 2922 459 2984 290
481 2941 505 2986 c.
546 2923 578 2984 ln
602 2901 740 2987 versibus
763 2920 934 3004 Hegesippi
956 2939 972 2984 e
995 2921 1099 2986 fabula
1128 2914 1319 3004 'Adslprin

240 3045 355 3110 coquus
377 3025 475 3091 artem
497 3045 585 3092 snam
608 3027 756 3092 extollens
776 3026 858 3091 inter
879 3027 941 3090 elia
967 3026 1126 3111 glorietur,
1159 3047 1201 3103 se,
1236 3043 1305 3092 cum

239 3131 377 3199 hemine's
400 3153 418 3198 a
438 3152 550 3216 pompa
572 3133 690 3198 funebri
722 3135 827 3199 tristes
857 3131 901 3198 et·
917 3153 985 3198 cum
1009 3135 1110 3199 luctus
1132 3135 1318 3220 insignibus-

240 3241 377 3314 rcdeaut,
412 3241 536 3322 dempto
570 3241 639 3306 cllae
671 3239 814 3322 operculo
846 3241 948 3304 subite
981 3240 1085 3305 vultus
1118 3260 1223 3306 sorum
1254 3259 1304 3307 ex-

241 3346 387 3412 hilarare:

391 3473 475 3542 ὅταν
497 3483 533 3542 ἐν
556 3478 762 3563 περιδείπνῳ
786 3471 937 3564 τυγχάνοι
962 3477 1139 3549 διακονῶν,

393 3581 481 3649 ἐπάν
501 3578 626 3672 τάχιστ’
649 3588 796 3650 ἔλθωσιν
819 3589 853 3650 ἐκ
876 3583 936 3669 τῆς
959 3583 1102 3668 ἐκφορᾶς

390 3685 431 3756 τά
453 3685 559 3776 βάπτ’
582 3697 725 3778 ἔχοντες,
748 3684 953 3776 τούπίθημα
977 3691 1038 3775 τῆς
1061 3681 1185 3776 χάκρας

391 3793 525 3882 α’ῳελαίν
549 3799 689 3883 ἐποίησα
712 3792 794 3872 roric
817 3793 1026 3882 δακρύοντας
1047 3797 1161 3884 γελᾶν.

341 3949 400 4028 Qui
424 3971 441 4014 a
463 3951 568 4014 funere
584 3949 725 4028 redeunt,
741 3969 799 4014 non
813 3943 933 4033 βιίπτα
947 3917 1080 4033 gestant,
1096 3949 1126 4016 h.
1144 3967 1169 4012 e.
1187 3950 1302 4049 vestem

237 4057 430 4138 splendidam
465 4057 497 4121 et
529 4055 677 4134 floridam,
712 4059 765 4121 sed
800 4057 859 4121 etri
888 4058 920 4120 et
951 4056 1200 4139 μελανείμονες
1222 4055 1302 4119 sunt.
