2728 4582
217 313 237 376 8
595 311 658 368 Lib.
675 313 697 367 1.
718 314 783 384 (lap.
802 312 825 368 1.

274 506 437 576 Postremo
468 508 501 574 in
532 509 613 576 libro
641 507 695 586 XI,
725 509 786 572 649
809 510 921 576 saltem
943 527 1074 575 errorem
1098 506 1254 590 aperiam,

174 615 204 682 si
226 612 315 700 plane
337 614 377 681 ad
399 633 507 681 verum
527 616 685 698 pervenire
707 633 767 680 non
788 615 903 698 potero.
957 613 1038 682 Nam
1060 615 1140 698 quod
1161 633 1259 682 nunc
1358 602 1364 653 ⁸

61 819 63 831 Ι
174 720 336 788 Patroclus
351 722 483 801 Nestori,
498 721 536 788 ut
550 719 772 806 aliquantisper
793 720 875 807 apud
894 740 926 788 se
941 724 1107 805 remaneat,
1122 721 1246 806 rogant'

176 827 221 894 sic
241 828 422 911 respondet:

225 1011 227 1018 ι
278 949 352 1046 Οιίχ
373 959 449 1034 ἕδος
470 959 552 1037 ἐσσί,
574 961 688 1047 γεραιὲ
710 961 903 1043 Δισσρεφές,
931 949 1010 1025 οὐδὲ
1035 951 1081 1044 με
1103 958 1257 1034 πείσεις,

275 1065 416 1142 αἰδοῖος,
440 1058 638 1152 νεμεσηοός,
658 1060 677 1132 ὅ
698 1090 743 1150 με
766 1067 909 1149 προέηκε
931 1068 1122 1145 πυθέσθαι,

275 1169 394 1239 ὅντινα
416 1173 541 1239 σοῦσον
564 1167 657 1258 οίνιις
678 1173 896 1256 βεβλημένον
919 1195 947 1239 ιι.
970 1197 998 1238 a.
1022 1173 1060 1251 l...

175 1297 381 1363 certissimum
408 1298 455 1361 est
474 1297 666 1370 vocabulum,
689 1293 771 1378 quod
793 1296 841 1359 est
863 1295 1001 1380 αἰδοῖος,
1024 1315 1121 1380 neque
1137 1297 1163 1361 si
1178 1297 1249 1362 Ho-

76 1386 78 1394 ’
174 1402 253 1467 meri
285 1421 383 1487 neque
416 1402 444 1468 si
477 1407 648 1468 ceterorum
679 1420 769 1467 usum
791 1421 964 1485 sequamur,
994 1403 1058 1467 ullo
1090 1401 1254 1467 modoad.

82 1536 90 1558 ·
175 1509 342 1592 superbum
373 1511 405 1574 et
432 1508 631 1592 imperiosum
660 1508 793 1574 Achillis
819 1507 976 1592 ingenium
1000 1509 1168 1574 notandum
1190 1528 1255 1573 ac·-

176 1614 364 1680 commodari
385 1633 485 1696 posse,
508 1614 785 1698 verecundiamque
807 1616 839 1678 et
860 1616 978 1680 metum
997 1615 1130 1680 Achillis
1146 1615 1252 1680 olien-

176 1720 268 1785 dendi
290 1720 357 1786 solo
380 1720 540 1795 adientium
563 1720 644 1805 quod
667 1721 716 1785 est
732 1717 925 1807 νεμεοηιός,
943 1720 1118 1806 significari,
1135 1739 1249 1804 quam·

124 1907 126 1912 ,
175 1843 266 1910 quam
300 1827 358 1892 hoc
390 1827 490 1910 ipsum
524 1826 692 1892 insolenter
725 1825 762 1891 de
794 1826 916 1892 homine
949 1827 1010 1893 dici
1038 1829 1101 1892 ium
1123 1829 1256 1893 veteres-

175 1935 368 2016 grammatici
391 1935 561 1999 senserunt.
605 1931 743 2006 Accedit.
778 1930 860 2016 quod
891 1933 983 2016 plane
1015 1935 1084 1999 usui
1115 1933 1254 1999 Homeri*

174 2040 350 2123 repugnant
370 2040 537 2123 praedicnta
559 2040 617 2105 duo
640 2039 685 2104 sic
700 2031 889 2113 c'cooddaoc
904 2041 1077 2106 coniuncta:
1102 2040 1254 2116 αἰδοιος,,

140 2199 141 2210 ,
175 2135 372 2232 νεμεσηεός.
415 2145 616 2212 Manifestum
648 2146 696 2210 est
724 2145 843 2221 αἰδοῦς
872 2147 1059 2213 mentionem
1089 2147 1128 2212 ad
1149 2167 1244 2213 vene·

178 2251 306 2318 rabilem
328 2251 467 2318 Nestoris
488 2271 648 2335 personam
671 2252 833 2338 pertinere,
856 2253 906 2318 cui
929 2253 1098 2319 contrarius
1113 2257 1248 2337 ponatur

53 2439 55 2446 y
179 2359 231 2423 irae
246 2358 376 2424 Achillis
393 2361 502 2425 metus.
547 2362 594 2425 Ao
608 2360 737 2425 fortasse
752 2358 829 2424 nihil
842 2360 952 2443 praeter
966 2359 1257 2442 interpunctionem,

178 2467 361 2532 mutandum
384 2468 441 2546 est,
464 2467 499 2531 ot
521 2467 688 2532 scribatur:

585 2658 591 2673 .
616 2658 623 2672 .
648 2655 656 2675 .
679 2599 758 2672 οὐδέ
778 2632 824 2691 με
847 2606 975 2682 πείσεις

281 2711 418 2785 αἰδοῖος.
440 2707 639 2798 νεμεοησός,
661 2708 680 2794 ὅ
701 2738 747 2799 με
769 2717 913 2800 προέηκε
936 2719 1126 2782 πυθέσθαι.

181 2848 242 2916 Sed
263 2849 380 2917 residet
400 2852 562 2935 serupulus
583 2854 615 2919 iu
636 2855 789 2922 adiectivo
811 2856 856 2923 sic
877 2856 1013 2922 breviter
1031 2841 1176 2922 adiuncto
1189 2873 1259 2938 pro

180 2974 226 3038 σο,
248 2959 329 3040 quod
352 2958 400 3025 est
421 2951 550 3034 αἰδοῖός
572 2984 636 3046 περ
660 2953 732 3028 ἐσίν.

559 3244 724 3332 Sophoclis
745 3245 875 3314 diacon

180 3411 207 3459 a.
232 3393 322 3471 1875,
351 3413 419 3460 oum
442 3394 622 3481 philologiae
651 3397 859 3466 studiosorum
885 3399 1114 3464 exercitationes
1140 3398 1258 3465 mode··

181 3517 273 3575 sarar,
296 3499 460 3585 diligenter
481 3505 664 3583 pertractavi
684 3523 795 3590 eosque
810 3507 901 3580 locos,
917 3523 992 3588 quos
1007 3504 1057 3570 bic
1073 3505 1252 3578 subiciam,

179 3607 263 3672 certa
294 3609 351 3672 aut
381 3607 532 3691 probabili
564 3611 777 3678 emendatione
807 3608 951 3677 adiurare
968 3611 1050 3676 mibi
1072 3612 1155 3676 visus
1177 3630 1255 3676 suun

179 3716 291 3796 praeter
313 3732 373 3788 eos,
399 3711 437 3777 dc
460 3714 569 3797 quibus
593 3715 656 3782 dini
676 3719 708 3782 iu
732 3717 810 3783 Adv.
835 3715 910 3782 Crit.
935 3718 947 3782 1
970 3736 1000 3799 p.
1023 3717 1084 3780 206
1106 3737 1173 3802 sqq.

331 3887 371 3952 68
393 3907 437 3973 sq.
462 3889 615 3967 (Minerva
636 3891 749 3977 Ulixi):

281 4029 423 4113 θαρσῶν
452 4031 487 4097 δὲ
515 4034 624 4119 μίμνε
652 4033 739 4119 μηδὲ
768 4030 950 4120 σνμφσροίν
978 4035 1074 4121 δέχου

281 4129 341 4202 οόν
364 4130 469 4223 ἄνδρ’.
