2712 4576
429 251 567 309 Ciceronis
586 252 734 308 orationes.
1015 252 1075 317 123

13 412 19 477 ἶ
56 465 130 512 enm
154 447 221 513 diiii
241 448 370 514 Bakium
399 449 510 516 saltem
536 449 700 516 fidncia
727 454 796 516 aut
824 449 1118 536 stipulationis

56 558 127 620 aut
148 555 270 622 seribere
293 554 484 634 debuisse.*)

158 678 230 744 lbid.
252 683 309 742 54:
338 681 420 747 Hae
442 679 606 747 'actione
628 679 783 764 Appius
805 681 880 747 ille
902 681 1035 749 Cadus
1056 685 1118 751 uti

55 803 132 850 ron
151 790 302 868 posset,
325 789 358 852 si
379 789 458 853 tam
480 803 572 852 vere
593 786 773 853 homines
801 786 924 853 rerba
952 807 1118 857 consee-

11 973 12 976 ,
54 891 252 973 tenentur,
282 893 448 974 utrem,
478 892 593 960 euius
621 911 742 960 eausa
770 894 891 960 verba
912 897 1021 975 snut,
1044 916 1118 963 non

55 999 370 1067 considerarent.
413 1000 499 1065 Nihil
527 999 590 1066 loci
619 1018 687 1066 esse
714 999 747 1065 in
776 1001 877 1066 verbis
906 1002 1117 1068 consectandis

11 1097 12 1100 ’
56 1104 173 1171 veritati
188 1114 314 1185 (vere)
336 1107 536 1173 manifestum
558 1109 622 1185 nst,
645 1107 700 1172 sed
716 1106 811 1173 nihilo
828 1087 936 1190 entier,
953 1126 1044 1191 qnam
1062 1107 1118 1174 alii

10 1195 12 1284 Ι
53 1210 206 1277 scribendo
240 1215 442 1296 substituunt,
476 1214 624 1280 severitas
646 1219 823 1292 (severe),
856 1231 913 1278 nee
933 1215 1057 1294 omnino
1079 1214 1116 1280 de

10 1321 12 1384 l
53 1317 149 1399 gradu
168 1319 263 1384 ullius
285 1319 331 1385 rei
352 1321 384 1385 in
407 1321 509 1387 verbis
530 1318 742 1387 consectandis
765 1320 881 1397 (tam),
913 1320 967 1385 sed
989 1321 1027 1386 de
1048 1321 1116 1405 ipso

10 1437 12 1482 ;
52 1424 141 1490 mede
161 1427 254 1492 verba
276 1427 471 1494 consectandi
500 1429 610 1514 agitur.
663 1427 834 1492 Lenissima
854 1429 1041 1492 correctione
1062 1427 1114 1494 lit·

10 1491 14 1622 ἶ
54 1529 127 1596 teris
146 1533 259 1599 rectius
286 1532 457 1600 distributis
479 1553 586 1600 verum
602 1533 749 1600 efficitur:
771 1533 806 1599 si
828 1533 877 1601 ita
899 1533 932 1600 in
955 1533 1026 1600 inne
1048 1534 1117 1599 be·

10 1623 12 1698 l
52 1637 175 1704 mines
209 1643 331 1708 rerba
364 1643 705 1708 eonseetsrentnr
737 1641 796 1706 eet.
849 1637 977 1706 Initium
1007 1640 1116 1706 erroris

10 1729 12 1852 l
55 1742 114 1808 init
131 1747 142 1811 i
162 1737 271 1813 littera
292 1747 389 1813 semel
415 1749 541 1832 scripta,
571 1767 642 1813 eum
664 1747 711 1813 bis
734 1745 826 1811 scribi
848 1745 975 1812 deberet
996 1748 1116 1825 (sita),

11 1855 12 1916 l
55 1848 158 1918 deinde
179 1855 219 1920 in
241 1855 272 1920 in
297 1874 327 1918 m
351 1855 506 1920 mutatum
521 1854 560 1920 ad
576 1852 759 1936 explendam
773 1871 878 1920 vocem
901 1854 1025 1934 (tam);
1047 1856 1116 1920 tum

10 2015 12 2042 k
54 1955 454 2026 exinrelsetumnere.

10 2087 14 2236 1
148 2076 449 2163 lbidbthsque
470 2081 571 2144 enim
594 2077 758 2144 dubium
779 2079 856 2157 est,
879 2078 991 2162 quin,
1014 2079 1048 2143 si
1070 2079 1115 2144 ad

54 2196 126 2245 rem
148 2181 407 2250 iudicandam
430 2187 549 2252 verbe
575 2186 773 2262 ducimur,
808 2203 882 2250 nen
911 2203 967 2260 re,
999 2185 1115 2250 iami-

53 2283 144 2353 lism
163 2290 469 2376 intelligamus,
493 2311 575 2376 qna
597 2292 759 2358 constet
781 2308 822 2354 ex
838 2289 1116 2372 servispluri-

53 2390 136 2473 bus,
166 2395 259 2480 quin
281 2417 381 2466 nnus
403 2399 514 2466 hemo
535 2399 696 2465 familia
717 2416 791 2463 uon
814 2395 880 2462 sit.
935 2395 1114 2461 Necessarie

54 2498 201 2568 adunam
223 2504 407 2587 particulam
429 2507 522 2589 quin
545 2504 633 2571 initio
655 2505 789 2588 positam
811 2503 942 2568 refertur
963 2503 1117 2568 sententia

55 2622 87 2670 ex
118 2608 234 2675 duobus
265 2613 413 2678 membris
446 2612 597 2678 contrarie
626 2609 735 2676 relatis
757 2604 947 2684 α’συνδέτως
969 2607 1117 2676 conflata:

55 2709 246 2779 familiam
262 2718 567 2803 intelligamus,
584 2737 662 2801 quae
682 2737 708 2784 e.
725 2737 767 2784 ex
786 2736 811 2782 s.
826 2737 872 2800 p..
889 2736 988 2783 nnus
1003 2717 1116 2782 homo

10 2817 12 2906 ᾗ
56 2816 209 2886 familia
237 2841 310 2888 non
338 2823 405 2893 sit.
451 2827 560 2910 Itaque
582 2823 755 2890 tollendum
778 2828 825 2890 est
850 2823 983 2888 alterum
1005 2824 1116 2906 quin,

10 2909 12 3038 l
56 2942 105 3003 um
126 2947 184 3012 que
200 2929 311 2994 saltem
326 2930 502 3012 ponendum
518 2935 584 2998 erat
605 2935 645 2998 et
666 2931 775 3016 quin,
800 2931 853 2997 sed
869 2950 939 2996 eum
957 2929 1118 2995 sententiae

10 3039 11 3044 ’
57 3029 243 3123 detrimento.

10 3157 12 3228 ᾖ
148 3141 226 3207 Ibid.
250 3143 307 3210 69:
339 3145 494 3211 Deinde
526 3145 561 3210 si
590 3144 634 3211 de
663 3143 748 3208 iure
777 3141 887 3208 vario
911 3142 1118 3226 quidpiam

10 3231 11 3236 ’
57 3241 274 3313 iudicatum
299 3251 377 3325 est,
406 3269 480 3316 non
506 3251 646 3334 petius
671 3252 810 3316 eontra
830 3249 933 3314 iuris
955 3248 1117 3314 eonsul-

58 3349 113 3418 tes
133 3355 340 3434 statuunt,
356 3357 388 3422 si
410 3357 536 3423 aliter
556 3355 960 3440 prenuntiatumest,
976 3353 1116 3419 aeMu·

106 3626 130 3694 *l
148 3628 161 3693 l
181 3627 216 3682 33
235 3628 323 3684 oratio
343 3629 382 3684 sic
401 3627 618 3704 interpungenda
636 3635 694 3684 est:
719 3627 847 3682 Audire
874 3627 990 3697 cupio,
1009 3626 1067 3694 qui
1086 3627 1118 3678 in

149 3736 236 3790 paee
260 3728 294 3776 et
316 3722 399 3789 otio,
427 3737 500 3776 eum
523 3737 656 3776 manum
678 3719 815 3788 iecerit,
834 3721 956 3790 copias
974 3719 1115 3791 pararit

151 3853 275 3883 ......
293 3816 357 3869 hoe
376 3815 485 3869 dieat:
509 3815 592 3870 Feri
611 3813 766 3881 equidem
785 3819 835 3868 eet.
872 3815 927 3868 Vix
945 3813 1003 3868 fore
1022 3812 1117 3866 Cicero

151 3906 293 3976 significet
314 3909 362 3976 qui
381 3908 421 3962 sie
440 3923 469 3962 se
489 3906 626 3962 defendat.
651 3907 689 3971 Ut
706 3907 785 3974 vulgo
804 3906 1016 3976 interpungitur‚
1036 3911 1067 3956 ut
1085 3901 1118 3956 de

150 4000 241 4055 verbis
259 4002 324 4054 hoe
344 4000 435 4055 dieat
454 4007 570 4066 taceam,
594 4005 642 4052 aut
669 3999 725 4066 qui
744 4005 792 4068 eut
811 4015 881 4053 eum
898 4013 1013 4066 prorsus
1034 3995 1118 4049 ebun-

151 4093 199 4148 dat
217 4109 268 4148 nee
286 4092 352 4148 ferri
369 4099 461 4162 potest
