2740 4572
287 269 346 333 m
544 311 547 320 .
645 267 909 340 mmmm

243 485 327 532 mea
362 466 617 533 conscientia
648 466 856 533 coniunctum.
909 466 1064 550 Scriptum
1094 461 1210 531 luerat:
1250 484 1335 530 neo

244 570 337 639 labat
357 572 493 659 antiqua
515 592 598 639 mea
629 573 883 640 conscientia
914 573 1117 654 copiarum
1152 571 1333 637 nostra-

244 697 343 756 rum,
367 678 470 760 quod
492 682 550 744 oet.
1128 739 1131 744 .

346 783 423 848 lbid.
446 786 467 871 ξ
488 787 523 850 3:
553 783 679 864 Quare
709 783 934 851 suavitatis
964 785 1334 867 equidem-nostrae

246 890 424 956 fruendae
446 910 565 956 causa
586 909 770 973 cuperem
793 891 831 955 te
854 889 960 956 adid
982 893 1138 974 tempus
1161 892 1331 967 venire,

245 997 348 1079 qnod
371 995 547 1074 dixeras,
571 996 641 1061 sed
662 996 768 1061 illud
790 997 893 1062 melo
916 997 1179 1080 tameu‚quod
1202 1000 1332 1079 putas

245 1104 372 1187 magis
395 1101 516 1169 etiam
538 1103 615 1168 illu
636 1105 758 1168 etiem
780 1103 914 1186 magni
932 1102 1087 1168 aestlrno
1113 1123 1170 1168 me
1186 1100 1331 1186 α’μφι-

246 1210 408 1294 λαφίαν
428 1208 542 1273 illem
564 1210 670 1273 tuam
695 1207 1067 1290 etexplicationem
1084 1207 1329 1275 debitorum

246 1317 412 1381 tuorum.
458 1314 674 1380 scribendum:
698 1313 767 1378 sed
788 1314 892 1378 illud
919 1315 1022 1380 malo
1043 1318 1192 1393 tamen,
1218 1317 1329 1398 quod

246 1426 364 1504 putas
380 1419 678 1505 magiseretua3
701 1437 775 1486 cam
791 1420 1000 1488 illaetiam
1016 1420 1143 1504 magui
1160 1422 1328 1496 aestimo,

247 1522 528 1612 ᾰμφιλαφίαν
559 1525 675 1591 illam
707 1528 817 1591 tuem
848 1529 907 1592 cet.
958 1528 997 1608 [ll
1026 1547 1065 1592 re
1094 1531 1162 1592 tua
1191 1528 1327 1593 subesse

248 1637 388 1699 senserat
408 1634 470 1697 iam
494 1632 685 1712 Lambinus]

350 1739 428 1803 niu
444 1742 463 1822 ς
479 1743 516 1802 4:
538 1721 726 1803 lmurcu·
748 1736 857 1802 reon
878 1738 1076 1803 immanis.
1098 1737 1325 1823 uunquam

249 1844 332 1909 fuit
357 1864 435 1929 par.
480 1845 578 1909 ldib.
608 1843 765 1923 Quinct.
793 1844 908 1910 lenus
941 1843 1021 1908 fuit
1053 1842 1243 1909 bessibus
1281 1863 1325 1909 ex

249 1951 402 2015 triente
432 1950 613 2016 coitione
639 1949 813 2014 Memmii
835 1951 899 2013 est
920 1968 993 2034 quo
1020 1969 1104 2015 cum
1126 1949 1325 2024 Domitio,

251 2057 349 2121 banc
371 2055 548 2122 Scaurus
568 2074 685 2120 uuum
707 2053 878 2120 vincere.
933 2055 1128 2120 Messalla
1156 2054 1323 2122 flaccet.

250 2161 456 2228 Probabiliter
489 2162 581 2227 scribi
616 2161 754 2226 videtur:
787 2161 887 2225 ldib.
911 2161 1066 2241 Quinct.
1087 2161 1325 2228 fanusfuit
1357 2235 1358 2259 χ

152 2309 165 2336 .
250 2269 436 2334 bessibus
469 2287 511 2332 ex
543 2267 697 2332 triente
731 2265 910 2333 coitione
943 2268 1118 2332 Memmii
1153 2285 1195 2332 ex
1228 2285 1323 2353 mque

248 2394 331 2441 cum
361 2374 557 2451 Domitio;
586 2373 685 2438 hanc
715 2372 889 2438 Scaurus
912 2391 995 2439 unns
1021 2372 1215 2456 <studet>
1236 2376 1324 2438 vin-

299 2500 349 2545 re.

250 2500 291 2547 ce
348 2586 426 2651 ibid.
449 2586 507 2662 ΙΙΙ,
532 2587 559 2663 1,
581 2587 619 2648 4:
652 2584 852 2649 Veluiuus
885 2544 978 2650 ante
1010 2604 1122 2650 suum
1151 2584 1319 2650 fundum

248 2709 370 2773 prope
392 2690 564 2767 (Ernestius
587 2692 670 2755 recte
692 2691 827 2772 probe)
857 2691 1067 2756 munierat.
1102 2692 1268 2756 Neminine
1290 2690 1322 2754 in

249 2801 385 2862 mentem
406 2795 493 2860 venit
516 2794 699 2862 Rullianus?

352 2911 550 2998 ibium:
583 2912 691 2992 Quod
723 2913 873 2979 multos
911 2914 996 2980 dies
1029 2913 1247 2997 epistolam
1283 2913 1320 2977 in

251 3017 435 3084 munibus
462 3017 583 3084 babui
615 3020 782 3101 propter
804 3021 1162 3087 commorationem
1183 3020 1321 3084 tabel-

250 3124 465 3203 lariorum,
497 3126 588 3192 ideo
623 3123 749 3190 multa
778 3127 964 3191 coniecta
985 3121 1215 3191 sunt'uliud
1239 3126 1320 3190 elio
1354 3186 1355 3217 ¹

251 3235 447 3313 tempore,
480 3233 593 3297 uelut
625 3232 696 3296 hoc
729 3234 787 3297 cet.
842 3232 950 3316 Neque
972 3233 1157 3297 coniecto
1179 3232 1319 3297 absolute

251 3356 305 3420 pro
327 3357 373 3414 eo,
396 3338 477 3420 quod
507 3338 555 3401 est
576 3338 763 3403 coniecta
783 3339 822 3402 iu
836 3341 840 3348 '
854 3356 936 3403 eam
958 3337 1158 3420 (epistolem),
1182 3336 1242 3404 dici
1265 3356 1317 3420 pu-

249 3446 321 3521 teat
343 3462 442 3527 neque
464 3443 532 3519 hoc,
554 3443 635 3526 quod
659 3461 739 3509 nunc
761 3442 866 3508 Cicero
888 3445 1058 3526 scripturus
1081 3447 1137 3521 est,
1163 3443 1229 3508 iam
1249 3463 1318 3509 con·
1353 3515 1354 3530 χ

250 3547 365 3612 iectum
386 3550 418 3611 in
441 3547 605 3630 epistolam
630 3553 705 3615 erat.
757 3550 904 3633 Magnam
934 3547 1097 3616 materiam
1119 3549 1316 3614 commoratio

250 3653 413 3730 attuleram
437 3655 634 3720 scribendum
653 3655 751 3738 igitur
766 3654 922 3722 conlecta.
950 3655 987 3720 In
1002 3655 1050 3734 iis,
1067 3673 1135 3738 quae
1149 3658 1317 3739 sequuntur

250 3759 282 3824 in
306 3759 462 3826 codicibus
484 3763 529 3826 sic
550 3761 682 3843 scripte:
710 3761 814 3825 nihil
845 3762 884 3825 te
913 3759 1190 3826 recordari-de
1213 3776 1253 3825 se
1275 3760 1315 3824 de
1352 3775 1353 3854 r

250 3865 383 3948 epulis
415 3866 523 3942 illis,
557 3885 656 3950 quus
689 3867 728 3930 in
760 3866 990 3932 Tusculano
1027 3866 1114 3930 eius
1147 3867 1187 3930 tu
1220 3863 1316 3930 mihi

250 3973 491 4051 ostendisti,
524 3973 641 4037 temore
672 3990 708 4036 ex
742 3971 874 4055 epulis
905 3970 1039 4037 editores
1068 3973 1207 4036 lecerunt
1235 3974 1315 4054 cpi·

252 4079 392 4155 stolium
425 4097 497 4144 nem
530 4097 628 4162 nequo
663 4077 863 4161 epistolarum
885 4078 1000 4143 mentio
1028 4095 1083 4159 per
1112 4095 1145 4142 se
1168 4082 1241 4160 apta
1262 4079 1312 4150 est,
1351 4105 1352 4172 ι
