2740 4572
280 275 365 338 224'
647 273 706 329 nro.
726 275 763 329 11.
782 274 846 344 cap.
865 274 898 329 r.

233 489 328 537 sensu
361 471 494 537 aliorum
525 471 662 548 laetabar,
699 453 840 536 veritatis
877 472 1049 538 convicium
1082 490 1140 538 nou
1173 468 1331 534 valuisse

238 576 365 643 moleste
388 577 534 652 ferebam,
554 578 726 661 praterqne
747 595 810 654 eas,
832 595 907 662 qnae
929 577 1005 644 olim
1027 577 1058 642 in
1074 577 1171 643 altero
1187 577 1330 642 Adver-
1351 567 1352 570 ’

233 681 388 747 sariorum
416 685 571 750 volumine
600 683 692 761 edidi,
724 688 939 750 succurrerunt
965 703 1051 751 norae
1079 683 1208 769 aliquot,
1233 701 1329 747 non·

238 788 330 854 nulla
352 787 477 873 quidem
501 790 541 855 ad
563 791 724 856 sententiae
746 793 779 854 et
795 791 941 857 orationis
956 792 1087 857 formam
1103 787 1326 856 adiuvandam

233 896 313 960 satis
334 897 495 974 notabiles,
519 895 631 979 partim
654 896 838 980 probabiles,
859 895 973 979 purtim
996 915 1064 962 meo
1087 895 1201 961 iudicio
1217 893 1325 978 plane
1352 889 1353 900 ’

235 1002 339 1066 oertae.
384 1002 445 1068 llas
466 1002 517 1068 hio
540 1003 710 1068 subiiciam.

336 1176 512 1244 Annalium
542 1177 596 1243 lib.
630 1177 671 1258 11,
705 1179 745 1244 39
775 1180 827 1257 (de
858 1197 944 1246 seruo
972 1176 1132 1243 Clemente
1161 1177 1322 1262 Agrippae

235 1281 375 1348 Postumi
407 1283 563 1354 interfecti
595 1304 755 1369 personam
789 1286 951 1364 mentitu:
990 1301 1077 1348 nam
1113 1286 1236 1350 aetate
1278 1286 1323 1348 et

236 1388 361 1454 forma
382 1388 483 1455 baud
507 1391 709 1457 dissimili
736 1393 773 1457 in
797 1391 996 1457 dominum
1020 1391 1116 1455 erat.
1164 1388 1321 1455 Tacitum

236 1513 291 1576 pro
324 1514 370 1572 eo,
407 1497 486 1579 quod
524 1516 640 1576 omnes,
674 1498 728 1581 qni
761 1498 871 1564 Latine
904 1496 1117 1580 loquebantur,
1154 1495 1319 1572 dicebant,
1354 1578 1355 1586 ἵ

237 1600 438 1667 dissimili
466 1604 632 1680 domini,
662 1603 774 1670 dixisse
803 1601 1005 1668 dissimili
1036 1602 1075 1666 iu
1105 1599 1318 1668 dominum
1354 1605 1355 1646 ³

233 1724 334 1789 neque
356 1709 411 1772 aut
432 1709 528 1792 ipsius
557 1712 612 1775 aut
639 1711 718 1776 alius
747 1709 929 1791 cuiusquam
958 1707 1093 1792 exemplo
1120 1706 1314 1786 defenditur,

237 1829 335 1894 neque
357 1814 419 1879 ulla
441 1815 608 1900 excogitari
638 1817 743 1900 potest
770 1817 848 1881 ratio
872 1834 891 1881 a
912 1818 1057 1880 consueto
1082 1811 1229 1897 loquendi
1251 1833 1317 1879 usu

238 1918 270 1982 in
291 1917 379 1983 illem
402 1913 529 1985 formam
547 1921 738 1988 deflectendi.
772 1924 882 2004 Itaque
896 1938 1021 2003 prorsus
1036 1918 1113 1984 mibi
1129 1917 1315 2002 persuadeo,
1355 1926 1356 2003 l

236 2025 376 2091 Taciturn
400 2029 500 2094 atatis
523 2027 689 2112 formaque
711 2029 792 2095 haud
815 2027 994 2094 abdomina
1012 2023 1202 2091 abhorrentis
1219 2043 1314 2090 men·

229 2131 316 2197 tioni
338 2151 392 2215 per
413 2133 450 2198 in
474 2133 720 2218 praepositionem
739 2135 916 2198 adiunxisse
939 2132 993 2210 rei,
1016 2131 1047 2197 in
1071 2150 1132 2216 qua
1145 2149 1182 2195 ea
1196 2130 1315 2196 simili-

337 2346 371 2399 ab
390 2344 541 2399 editoribus
560 2343 701 2414 accipitur,
728 2343 781 2396 nisi
809 2342 880 2399 forte
909 2342 1117 2397 tribunatum
1136 2356 1238 2409 agere
1256 2359 1312 2411 pro
1356 2276 1357 2342 1

339 2453 379 2505 eo,
399 2437 471 2506 quod
491 2445 534 2492 est
552 2437 722 2491 tribunorum
741 2437 874 2491 delectum
887 2436 1000 2503 habere,
1013 2435 1064 2488 dici
1076 2448 1159 2502 posse
1170 2439 1313 2503 putamus.

336 2530 459 2598 Accedit,
488 2530 562 2598 quod
594 2531 652 2584 eius
684 2530 732 2596 rei,
766 2546 847 2597 quam
876 2529 1052 2584 Germanicus
1083 2543 1196 2596 prorsus
1230 2535 1313 2583 extra

335 2623 457 2678 ordinem
478 2623 604 2692 suscepit,
624 2623 849 2678 consuetudinem
869 2622 993 2690 alienam,
1017 2637 1031 2675 e
1057 2637 1112 2689 qua
1129 2622 1242 2690 propria
1261 2639 1312 2692 ap-

335 2716 451 2784 pellatio
470 2717 545 2770 nasci
563 2716 690 2785 potuerit,
709 2715 794 2773 fuisse
813 2716 889 2770 nullo
909 2715 1017 2770 minimo
1036 2713 1150 2782 vestigio
1170 2713 1310 2782 significa-

335 2815 388 2860 tur.
437 2809 534 2875 Itaque
563 2809 644 2862 aliter
670 2809 782 2862 Tacitus
816 2809 938 2878 scripsit;
971 2823 1060 2875 neque
1092 2813 1188 2866 tamen*
1216 2805 1309 2876 ipsum

337 2899 594 2954 centurionatus
623 2917 721 2956 nomen
748 2902 870 2971 legitima
896 2900 984 2957 forma
1010 2899 1103 2954 fictum
1121 2898 1219 2967 expelli
1238 2905 1308 2954 tam·

338 3006 418 3058 quam
439 3008 530 3048 errore
550 3000 643 3048 natum
661 2999 763 3063 potest,
787 3010 876 3064 neque
900 2993 1025 3048 addendo
1049 2991 1128 3059 effici,
1152 2991 1225 3062 quod
1245 3009 1307 3048 sen-

337 3087 431 3140 tentiae
452 3087 603 3142 conveniat.
642 3086 720 3153 Quod
740 3087 893 3155 qurerimus,
913 3085 1033 3141 efficitur
1051 3101 1107 3139 una
1119 3085 1148 3139 in
1159 3085 1214 3139 boc
1225 3101 1306 3140 voca-

336 3179 401 3234 bulo
428 3180 519 3235 littera
546 3185 652 3235 mutata
680 3186 707 3234 et
735 3181 835 3235 additis
858 3181 972 3248 duabus,
994 3195 1056 3248 quae
1079 3178 1153 3231 iuter
1174 3177 1250 3232 iude
1279 3187 1307 3233 et

338 3273 406 3342 egit
423 3272 551 3329 facillime
573 3273 743 3341 exciderunt,
762 3279 793 3327 ut
815 3275 962 3329 scribatur:
987 3268 1202 3328 centurionatus
1227 3271 1303 3328 inde

337 3366 438 3438 exegit.
484 3369 526 3420 lta
556 3365 729 3421 scribendum
758 3383 818 3422 esse
846 3383 908 3421 cum
935 3371 1119 3431 annotassem,
1150 3363 1205 3418 vidi
1233 3365 1303 3420 idem

338 3458 474 3515 Gronorio
493 3461 521 3514 in
539 3465 658 3515 mentem
675 3459 791 3526 venisse,
811 3459 859 3514 sed
871 3459 1022 3515 editoribus
1033 3472 1083 3526 pro
1096 3456 1200 3510 indicto
1212 3455 1301 3512 fuisse.

339 3552 467 3607 Eiusdem
486 3554 592 3620 generis
613 3542 738 3621 exempla
755 3552 842 3606 multa
860 3567 1018 3608 enumerare
1037 3555 1171 3619 poteram,
1193 3549 1240 3603 sed
1252 3550 1301 3604 hoc

337 3644 398 3697 loco
424 3627 530 3700 duobus
556 3652 700 3700 contentus
724 3661 779 3712 ero,
802 3644 902 3699 Annal.
921 3645 968 3710 VI,
989 3643 1005 3697 7
1025 3649 1053 3697 et
1071 3641 1142 3696 Hist.
1161 3641 1197 3708 ΙΙ,
1216 3641 1257 3708 88,
1274 3643 1300 3695 in

337 3751 451 3803 quorum
478 3739 567 3806 priore
595 3754 655 3792 cum
680 3739 707 3792 0.
728 3738 873 3794 Gentium
894 3737 1046 3808 praetorem
1071 3738 1298 3805 (monstrem),

337 3828 363 3881 in
392 3829 478 3884 altero
511 3832 540 3884 uf
569 3830 706 3886 rebantur
738 3838 799 3901 (pro
826 3831 1018 3897 utebantur)
1046 3827 1218 3882 scribendum
1244 3843 1298 3882 esse

337 3921 482 3976 dictassem
501 3925 620 3992 mihique
639 3924 673 3977 de
696 3924 849 3980 manifestis
876 3929 902 3978 et
927 3918 1049 3978 facilibus
1073 3920 1298 3976 emendationibus

337 4028 416 4082 paene
444 4017 603 4083 gratularer,
632 4017 833 4072 insusurratum
861 4024 903 4072 est
926 4016 1072 4085 utrobique
1091 4014 1125 4069 ab
1145 4015 1297 4069 amanuensi

337 4105 424 4173 Lipsii
442 4121 542 4160 nomen
561 4122 594 4160 ex
613 4108 713 4161 Halmii
732 4111 917 4164 annotatione.
