2728 4582
516 303 629 364 Homeri
647 303 721 358 ilias.
1094 303 1112 364 7

86 522 138 568 eas
172 501 363 580 conficerent,
398 501 628 585 comparaverit.
686 499 747 566 Sed
779 499 871 584 longe
904 500 1065 566 molestius
1095 503 1155 578 est,

86 608 170 692 qnod
191 609 334 678 namatio,
358 608 457 691 qualis
479 625 559 672 nuno
582 607 722 690 traditur,
738 607 897 689 perspicue
911 606 1009 688 poeta
1026 606 1153 672 consitio

86 698 301 797 propositoque
329 715 490 799 repugnat.
539 713 667 780 Hecuba
688 713 761 790 dea,
792 711 873 796 quod
895 711 1152 794 pretiosissimum

85 821 373 903 studiosissimeque
415 819 608 886 reconditum
644 819 740 885 habet
776 821 999 893 ornamentum,
1040 818 1154 885 donum

85 928 181 994 offert.
226 927 300 993 Haec
322 927 426 992 autem
443 927 579 992 muneris
594 923 775 1009 prestantia
788 942 1004 1007 summumque
1018 923 1152 1008 pretium

83 1035 113 1098 in
138 1053 174 1100 eo
197 1034 330 1116 ponitur,
355 1031 437 1115 quod
460 1034 563 1116 ipsum
593 1050 663 1097 curn
693 1030 803 1096 ceteris
826 1030 962 1096 vestibus
987 1030 1152 1098 reconditis
1211 1085 1213 1090 .

83 1140 233 1224 singulari
255 1159 327 1206 casu
349 1158 385 1204 ex
407 1136 574 1222 longinqua
596 1141 677 1202 terra
702 1136 831 1204 allatum
846 1138 898 1212 sit,
914 1135 996 1202 unde
1012 1137 1151 1203 eiusdem

84 1247 205 1330 generis
224 1246 284 1310 alia
306 1265 363 1310 non
388 1244 476 1310 facite
499 1246 612 1310 arcessi
635 1244 770 1328 possint;
793 1243 989 1309 imminuitur
1011 1262 1152 1326 prorsus·

82 1373 141 1436 qne
164 1353 284 1418 totlitur
307 1350 378 1416 doni
400 1353 542 1434 pretium,
564 1350 592 1414 si
614 1349 788 1415 huiusmodi
809 1352 911 1416 vestes
933 1351 965 1415 in
988 1350 1054 1434 ipsa
1075 1352 1150 1417 urbe

81 1460 217 1524 Troiana
238 1478 256 1523 a
279 1457 458 1522 mulieribus
482 1475 517 1520 eo
540 1456 677 1521 advectis
692 1455 900 1525 conficiantur.
947 1455 1050 1522 Pauca
1065 1476 1150 1540 quae-

82 1569 148 1630 dam
186 1565 277 1630 huius
305 1563 470 1647 singularis
502 1565 595 1644 atque
630 1561 769 1626 Troianis
802 1561 914 1647 ignotae
947 1563 1023 1628 artis
1056 1581 1150 1648 opera
1235 1547 1242 1564 ’

80 1671 202 1738 Troiam
226 1670 320 1735 allata
343 1687 409 1734 esse
433 1670 554 1749 oportet
575 1670 668 1752 atque
691 1670 729 1734 ab
746 1668 871 1734 Hecuba
893 1670 930 1735 ob
952 1671 1050 1752 ipsam
1071 1671 1149 1736 rari-

18 1803 19 1810 ¹
81 1780 189 1856 tatem,
212 1775 353 1860 quodque
376 1773 460 1839 nulla
486 1792 589 1839 eorum
613 1774 884 1856 comparandorum
907 1777 1080 1842 communis
1102 1778 1146 1842 ia·

80 1884 180 1949 cultas
202 1884 252 1956 sit,
276 1881 435 1948 carissima
456 1880 563 1946 haberi
585 1898 767 1964 summaque
790 1899 862 1946 cura
883 1881 1008 1948 servari.
1037 1883 1145 1968 Itaque

80 1991 115 2055 ab
148 1990 218 2072 ipso
251 1997 342 2071 poeta
376 2008 424 2053 res
457 1988 547 2052 aliter
580 1987 702 2052 narrata
729 1988 803 2062 erat,
826 1988 872 2053 ita
893 1990 1006 2070 tamen,
1030 1993 1066 2055 nt
1085 2011 1146 2058 una

79 2100 198 2162 tanturn
223 2094 329 2159 littera
360 2093 404 2168 id,
438 2094 518 2177 qood
552 2113 631 2159 nunc
663 2093 818 2170 scribitur,
856 2115 875 2160 a
909 2096 1010 2178 prima
1048 2097 1147 2164 forma

78 2199 250 2267 deflexerit:

159 2339 237 2410 ἕνθ’
260 2340 341 2410 ἔσαν
363 2347 394 2408 οἱ
417 2345 554 2416 πέπλοι,
578 2342 795 2428 παμποίκιλα
817 2339 899 2428 ἔργα
922 2345 1093 2430 γοναιιιών

161 2449 338 2527 Σιδονίων,
360 2442 456 2522 coris
478 2441 582 2522 ον’τδς
605 2442 826 2535 Ἀλέξανδρος
847 2444 1007 2535 θεοειδής

156 2553 266 2643 ἤγαγε
290 2555 499 2641 Σιδονίηθεν
521 2579 547 2621 ιι.
570 2582 598 2623 τ.
622 2557 651 2622 λ.

69 2695 339 2775 'Quemadmodum
363 2698 489 2762 minima
517 2695 733 2780 facillimaque,
762 2698 798 2762 ut
826 2697 970 2764 Plautino
996 2697 1141 2765 vocabulo

78 2805 153 2878 utar,
177 2802 378 2886 incogitantia
400 2802 564 2886 obrepente
586 2821 752 2885 pronomen
776 2803 814 2869 ab
836 2803 935 2888 peplis
958 2804 997 2870 ad
1016 2804 1141 2888 propius

78 2911 246 2992 γυναικών
268 2927 379 2974 nomen
401 2907 560 2974 transferri
574 2909 719 2990 potuerit,
735 2910 812 2975 nihil
827 2928 903 2993 opus
919 2913 967 2976 est
981 2901 1140 2994 explicare.

174 3051 233 3115 His
256 3051 373 3115 dnobus
394 3048 469 3114 locis
491 3049 620 3114 tertium
641 3050 840 3118 adiuncturus
862 3071 957 3126 eram,
986 3054 1039 3130 IV,
1069 3054 1140 3132 191,

77 3156 125 3220 uti
146 3155 294 3221 facillimo
316 3159 370 3220 aut
399 3155 616 3237 pronuntiandi
646 3159 700 3223 aut
726 3156 880 3224 scribendi
907 3177 1008 3225 errore
1039 3161 1141 3224 ortum

17 3341 18 3344 Ἴ
77 3263 129 3341 est,
152 3262 231 3344 quod
254 3279 333 3326 nunc
355 3258 470 3325 editur:

48 3443 51 3450 ·
173 3395 320 3490 φάρμαχ’
343 3399 364 3468 ά
389 3427 446 3468 κεν
468 3397 618 3492 παύσῃσι
640 3395 836 3488 μελαινάων
857 3398 1022 3485 ὀδυνάων,

74 3555 125 3622 pro
148 3563 192 3618 eo,
216 3544 295 3627 quod
317 3544 488 3626 antiquitus
512 3544 661 3628 scriptum
683 3546 777 3611 fuisse
799 3549 916 3613 certum
939 3551 1001 3615 est:
1089 3559 1092 3564 “

171 3677 319 3770 φάρμαχ’
342 3679 364 3748 ά
387 3709 445 3750 ιιεν
467 3679 609 3773 παύσῃ
631 3711 674 3754 oe
695 3682 892 3772 μελαινάων
914 3683 1080 3759 ὀδυνάων.

76 3821 176 3906 Neque
198 3827 279 3890 enim
297 3824 474 3908 pronomine
496 3833 598 3892 carere
622 3830 718 3894 oratio
740 3830 804 3898 ullo
826 3832 916 3899 modo
938 3834 1055 3916 potest;
1080 3832 1133 3899 sed

77 3927 157 3995 video
188 3934 233 3998 ita
264 3931 357 3996 etiam
386 3933 417 3996 in
446 3933 547 3998 codice
575 3952 634 4000 ono
658 3936 690 4001 ct
710 3937 808 4005 attero
831 3940 980 4022 scriptum
1002 3957 1077 4012 esse,
1099 3939 1136 4002 ut

69 4036 243 4102 coniectura
263 4037 339 4102 nihil
362 4039 403 4104 sit
425 4057 509 4120 opus.
