<?xml version="1.0" encoding="UTF-8"?>
<!DOCTYPE html PUBLIC "-//W3C//DTD XHTML 1.0 Transitional//EN"
    "http://www.w3.org/TR/xhtml1/DTD/xhtml1-transitional.dtd">
<html xmlns="http://www.w3.org/1999/xhtml" xml:lang="en" lang="en">
 <head>
  <title>
</title>
<meta http-equiv="Content-Type" content="text/html;charset=utf-8" />
  <meta name='ocr-system' content='tesseract 3.04.00' />
  <meta name='ocr-capabilities' content='ocr_page ocr_carea ocr_par ocr_line ocrx_word'/>
</head>
<body>
  <div class='ocr_page' id='page_1' title='image "./adversariacriti01madvgoog_0260.png"; bbox 0 0 2740 4572; ppageno 0'>
   <div class='ocr_carea' id='block_1_1' title="bbox 520 246 1087 312">
    <p class='ocr_par' dir='ltr' id='par_1_1' title="bbox 520 246 1087 312">
     <span class='ocr_line' id='line_1_1' title="bbox 520 246 1087 312; baseline 0.016 -10"><span class='ocrx_word' id='word_1_1' title='bbox 520 246 675 303; x_wconf 75' lang='lat' dir='ltr'><strong>Suetonius.</strong></span> <span class='ocrx_word' id='word_1_2' title='bbox 1026 248 1087 312; x_wconf 78' lang='lat'><strong>249</strong></span> 
     </span>
    </p>
   </div>
   <div class='ocr_carea' id='block_1_2' title="bbox 55 442 1126 634">
    <p class='ocr_par' dir='ltr' id='par_1_2' title="bbox 55 442 1126 634">
     <span class='ocr_line' id='line_1_2' title="bbox 55 442 1126 530; baseline 0.005 -23"><span class='ocrx_word' id='word_1_3' title='bbox 55 461 249 526; x_wconf 88' lang='lat' dir='ltr'><strong>quamquam</strong></span> <span class='ocrx_word' id='word_1_4' title='bbox 285 442 404 508; x_wconf 87' lang='lat' dir='ltr'><strong>nullum</strong></span> <span class='ocrx_word' id='word_1_5' title='bbox 441 444 568 508; x_wconf 89' lang='lat' dir='ltr'><strong>memini</strong></span> <span class='ocrx_word' id='word_1_6' title='bbox 610 462 676 510; x_wconf 86' lang='lat' dir='ltr'><strong>esse</strong></span> <span class='ocrx_word' id='word_1_7' title='bbox 711 446 884 530; x_wconf 79' lang='lat' dir='ltr'><strong>exemplum</strong></span> <span class='ocrx_word' id='word_1_8' title='bbox 919 447 952 512; x_wconf 94' lang='lat' dir='ltr'><strong>iu</strong></span> <span class='ocrx_word' id='word_1_9' title='bbox 989 445 1126 512; x_wconf 86' lang='lat' dir='ltr'><strong>Suetonii</strong></span> 
     </span>
     <span class='ocr_line' id='line_1_3' title="bbox 55 547 687 634; baseline 0 -20"><span class='ocrx_word' id='word_1_10' title='bbox 55 547 220 614; x_wconf 77' lang='lat' dir='ltr'><strong>codicibus</strong></span> <span class='ocrx_word' id='word_1_11' title='bbox 240 547 418 616; x_wconf 86' lang='lat' dir='ltr'><strong>huiusmodi</strong></span> <span class='ocrx_word' id='word_1_12' title='bbox 441 549 687 634; x_wconf 73' lang='lat' dir='ltr'><strong>permutationis.</strong></span> 
     </span>
    </p>
   </div>
   <div class='ocr_carea' id='block_1_3' title="bbox 11 676 1143 2036">
    <p class='ocr_par' dir='ltr' id='par_1_3' title="bbox 55 676 1143 1184">
     <span class='ocr_line' id='line_1_4' title="bbox 163 676 1130 758; baseline 0.008 -18"><span class='ocrx_word' id='word_1_13' title='bbox 163 676 269 742; x_wconf 85' lang='lat' dir='ltr'><strong>Vitell.</strong></span> <span class='ocrx_word' id='word_1_14' title='bbox 285 680 341 744; x_wconf 76' lang='lat'><strong>17:</strong></span> <span class='ocrx_word' id='word_1_15' title='bbox 365 678 419 743; x_wconf 84' lang='lat' dir='ltr'><strong>Ab</strong></span> <span class='ocrx_word' id='word_1_16' title='bbox 441 677 504 743; x_wconf 90' lang='lat' dir='ltr'><strong>his</strong></span> <span class='ocrx_word' id='word_1_17' title='bbox 526 680 735 747; x_wconf 76' lang='lat' dir='ltr'><strong>extractus</strong></span> <span class='ocrx_word' id='word_1_18' title='bbox 757 700 774 746; x_wconf 90' lang='lat' dir='ltr'><strong>e</strong></span> <span class='ocrx_word' id='word_1_19' title='bbox 796 681 973 758; x_wconf 78' lang='lat' dir='ltr'><strong>latebra,</strong></span> <span class='ocrx_word' id='word_1_20' title='bbox 989 681 1130 748; x_wconf 89' lang='lat' dir='ltr'><strong>soisoi·</strong></span> 
     </span>
     <span class='ocr_line' id='line_1_5' title="bbox 55 781 1131 872; baseline 0.006 -26"><span class='ocrx_word' id='word_1_21' title='bbox 55 784 216 860; x_wconf 83' lang='lat' dir='ltr'><strong>tentes,</strong></span> <span class='ocrx_word' id='word_1_22' title='bbox 239 781 331 867; x_wconf 87' lang='lat' dir='ltr'><strong>quis</strong></span> <span class='ocrx_word' id='word_1_23' title='bbox 352 787 575 860; x_wconf 87' lang='lat' dir='ltr'><strong>esset(nnm</strong></span> <span class='ocrx_word' id='word_1_24' title='bbox 597 785 876 870; x_wconf 74' lang='lat' dir='ltr'><strong>ignorabatur)</strong></span> <span class='ocrx_word' id='word_1_25' title='bbox 892 788 930 852; x_wconf 88' lang='lat' dir='ltr'><strong>et</strong></span> <span class='ocrx_word' id='word_1_26' title='bbox 951 785 1018 853; x_wconf 90' lang='lat' dir='ltr'><strong>ubi</strong></span> <span class='ocrx_word' id='word_1_27' title='bbox 1041 806 1131 872; x_wconf 86' lang='lat' dir='ltr'><strong>esse</strong></span> 
     </span>
     <span class='ocr_line' id='line_1_6' title="bbox 57 881 1130 977; baseline 0.005 -26"><span class='ocrx_word' id='word_1_28' title='bbox 57 881 281 955; x_wconf 86' lang='lat' dir='ltr'><strong>Vitellium</strong></span> <span class='ocrx_word' id='word_1_29' title='bbox 304 891 447 968; x_wconf 80' lang='lat' dir='ltr'><strong>sciret,</strong></span> <span class='ocrx_word' id='word_1_30' title='bbox 468 890 678 958; x_wconf 81' lang='lat' dir='ltr'><strong>mendacio</strong></span> <span class='ocrx_word' id='word_1_31' title='bbox 701 892 837 958; x_wconf 92' lang='lat' dir='ltr'><strong>elusit.</strong></span> <span class='ocrx_word' id='word_1_32' title='bbox 882 893 1035 977; x_wconf 87' lang='lat' dir='ltr'><strong>Perquam</strong></span> <span class='ocrx_word' id='word_1_33' title='bbox 1052 891 1130 957; x_wconf 85' lang='lat' dir='ltr'><strong>ridi-</strong></span> 
     </span>
     <span class='ocr_line' id='line_1_7' title="bbox 57 993 1132 1080; baseline 0.005 -22"><span class='ocrx_word' id='word_1_34' title='bbox 57 995 129 1059; x_wconf 89' lang='lat' dir='ltr'><strong>eule</strong></span> <span class='ocrx_word' id='word_1_35' title='bbox 163 994 331 1080; x_wconf 82' lang='lat' dir='ltr'><strong>interroget</strong></span> <span class='ocrx_word' id='word_1_36' title='bbox 355 993 525 1079; x_wconf 74' lang='lat' dir='ltr'><strong>quispiam:</strong></span> <span class='ocrx_word' id='word_1_37' title='bbox 558 996 633 1063; x_wconf 88' lang='lat' dir='ltr'><strong>Ubi</strong></span> <span class='ocrx_word' id='word_1_38' title='bbox 666 997 747 1064; x_wconf 87' lang='lat' dir='ltr'><strong>seis</strong></span> <span class='ocrx_word' id='word_1_39' title='bbox 776 997 995 1065; x_wconf 89' lang='lat' dir='ltr'><strong>Vitellium</strong></span> <span class='ocrx_word' id='word_1_40' title='bbox 1023 1000 1132 1064; x_wconf 77' lang='lat' dir='ltr'><strong>esse?</strong></span> 
     </span>
     <span class='ocr_line' id='line_1_8' title="bbox 57 1101 1143 1184; baseline 0.005 -20"><span class='ocrx_word' id='word_1_41' title='bbox 57 1119 115 1183; x_wconf 90' lang='lat' dir='ltr'><strong>pro</strong></span> <span class='ocrx_word' id='word_1_42' title='bbox 139 1118 187 1178; x_wconf 86' lang='grc' dir='ltr'><strong>ιο,</strong></span> <span class='ocrx_word' id='word_1_43' title='bbox 209 1101 439 1184; x_wconf 86' lang='lat' dir='ltr'><strong>qnodestaut:</strong></span> <span class='ocrx_word' id='word_1_44' title='bbox 461 1102 538 1169; x_wconf 89' lang='lat' dir='ltr'><strong>Ubi</strong></span> <span class='ocrx_word' id='word_1_45' title='bbox 559 1105 621 1168; x_wconf 89' lang='lat' dir='ltr'><strong>est</strong></span> <span class='ocrx_word' id='word_1_46' title='bbox 642 1103 867 1171; x_wconf 80' lang='lat' dir='ltr'><strong>Vitellius?</strong></span> <span class='ocrx_word' id='word_1_47' title='bbox 888 1107 959 1170; x_wconf 80' lang='lat' dir='ltr'><strong>autr</strong></span> <span class='ocrx_word' id='word_1_48' title='bbox 982 1104 1143 1183; x_wconf 82' lang='lat' dir='ltr'><strong>Scisue,&#39;</strong></span> 
     </span>
    </p>

    <p class='ocr_par' dir='ltr' id='par_1_4' title="bbox 13 1205 1130 1292">
     <span class='ocr_line' id='line_1_9' title="bbox 13 1205 1130 1292; baseline 0.004 -22"><span class='ocrx_word' id='word_1_49' title='bbox 13 1229 14 1258; x_wconf 73' lang='grc' dir='ltr'><strong>ι</strong></span> <span class='ocrx_word' id='word_1_50' title='bbox 59 1206 129 1272; x_wconf 91' lang='lat' dir='ltr'><strong>ubi</strong></span> <span class='ocrx_word' id='word_1_51' title='bbox 153 1205 352 1272; x_wconf 80' lang='lat' dir='ltr'><strong>Vitellius</strong></span> <span class='ocrx_word' id='word_1_52' title='bbox 375 1206 455 1272; x_wconf 81' lang='lat' dir='ltr'><strong>sit?</strong></span> <span class='ocrx_word' id='word_1_53' title='bbox 498 1207 667 1292; x_wconf 84' lang='lat' dir='ltr'><strong>Seripseret</strong></span> <span class='ocrx_word' id='word_1_54' title='bbox 696 1209 877 1276; x_wconf 82' lang='lat' dir='ltr'><strong>Suetonius:</strong></span> <span class='ocrx_word' id='word_1_55' title='bbox 908 1210 1130 1277; x_wconf 85' lang='lat' dir='ltr'><strong>seisoiten-</strong></span> 
     </span>
    </p>

    <p class='ocr_par' dir='ltr' id='par_1_5' title="bbox 13 1313 1135 1401">
     <span class='ocr_line' id='line_1_10' title="bbox 13 1313 1135 1401; baseline 0.005 -24"><span class='ocrx_word' id='word_1_56' title='bbox 13 1327 14 1336; x_wconf 55' lang='lat'>¹</span> <span class='ocrx_word' id='word_1_57' title='bbox 59 1319 141 1387; x_wconf 80' lang='lat' dir='ltr'><strong>tes,</strong></span> <span class='ocrx_word' id='word_1_58' title='bbox 170 1313 259 1396; x_wconf 87' lang='lat' dir='ltr'><strong>quis</strong></span> <span class='ocrx_word' id='word_1_59' title='bbox 287 1315 398 1379; x_wconf 87' lang='lat' dir='ltr'><strong>osset</strong></span> <span class='ocrx_word' id='word_1_60' title='bbox 426 1321 525 1391; x_wconf 86' lang='lat' dir='ltr'><strong>(nem</strong></span> <span class='ocrx_word' id='word_1_61' title='bbox 554 1315 833 1401; x_wconf 77' lang='lat' dir='ltr'><strong>ignorabatur)</strong></span> <span class='ocrx_word' id='word_1_62' title='bbox 862 1320 916 1395; x_wconf 83' lang='grc' dir='ltr'><strong>ιι,</strong></span> <span class='ocrx_word' id='word_1_63' title='bbox 947 1317 1017 1384; x_wconf 92' lang='lat' dir='ltr'><strong>ubi</strong></span> <span class='ocrx_word' id='word_1_64' title='bbox 1045 1319 1135 1383; x_wconf 89' lang='lat' dir='ltr'><strong>esset</strong></span> 
     </span>
    </p>

    <p class='ocr_par' dir='ltr' id='par_1_6' title="bbox 12 1417 1130 1512">
     <span class='ocr_line' id='line_1_11' title="bbox 12 1417 1130 1512; baseline 0.003 -29"><span class='ocrx_word' id='word_1_65' title='bbox 12 1509 13 1512; x_wconf 8' lang='grc' dir='ltr'><strong>Ἴ</strong></span> <span class='ocrx_word' id='word_1_66' title='bbox 61 1417 226 1494; x_wconf 87' lang='lat' dir='ltr'><strong>Vitellius</strong></span> <span class='ocrx_word' id='word_1_67' title='bbox 256 1436 330 1485; x_wconf 85' lang='lat' dir='ltr'><strong>nnn</strong></span> <span class='ocrx_word' id='word_1_68' title='bbox 361 1420 502 1500; x_wconf 79' lang='lat' dir='ltr'><strong>eoiret,</strong></span> <span class='ocrx_word' id='word_1_69' title='bbox 539 1420 748 1487; x_wconf 76' lang='lat' dir='ltr'><strong>mendacio</strong></span> <span class='ocrx_word' id='word_1_70' title='bbox 781 1422 919 1487; x_wconf 88' lang='lat' dir='ltr'><strong>elusit.</strong></span> <span class='ocrx_word' id='word_1_71' title='bbox 972 1422 1130 1488; x_wconf 83' lang='lat' dir='ltr'><strong>Particula</strong></span> 
     </span>
    </p>

    <p class='ocr_par' dir='ltr' id='par_1_7' title="bbox 12 1517 1133 1818">
     <span class='ocr_line' id='line_1_12' title="bbox 12 1517 1133 1612; baseline 0.004 -24"><span class='ocrx_word' id='word_1_72' title='bbox 12 1517 13 1589; x_wconf 75' lang='lat' dir='ltr'><strong>i</strong></span> <span class='ocrx_word' id='word_1_73' title='bbox 61 1545 153 1589; x_wconf 90' lang='lat' dir='ltr'><strong>num</strong></span> <span class='ocrx_word' id='word_1_74' title='bbox 186 1527 222 1589; x_wconf 89' lang='lat' dir='ltr'><strong>nt</strong></span> <span class='ocrx_word' id='word_1_75' title='bbox 253 1543 324 1591; x_wconf 90' lang='lat' dir='ltr'><strong>enm</strong></span> <span class='ocrx_word' id='word_1_76' title='bbox 357 1525 478 1592; x_wconf 90' lang='lat' dir='ltr'><strong>Vitellii</strong></span> <span class='ocrx_word' id='word_1_77' title='bbox 510 1527 633 1593; x_wconf 89' lang='lat' dir='ltr'><strong>nomine</strong></span> <span class='ocrx_word' id='word_1_78' title='bbox 665 1527 860 1603; x_wconf 76' lang='lat' dir='ltr'><strong>coalesceret,</strong></span> <span class='ocrx_word' id='word_1_79' title='bbox 893 1533 1133 1612; x_wconf 76' lang='lat' dir='ltr'><strong>nascereturque</strong></span> 
     </span>
     <span class='ocr_line' id='line_1_13' title="bbox 61 1631 1134 1711; baseline 0.003 -16"><span class='ocrx_word' id='word_1_80' title='bbox 61 1631 177 1697; x_wconf 83' lang='lat' dir='ltr'><strong>deinde</strong></span> <span class='ocrx_word' id='word_1_81' title='bbox 199 1633 370 1698; x_wconf 83' lang='lat' dir='ltr'><strong>necessario</strong></span> <span class='ocrx_word' id='word_1_82' title='bbox 392 1650 498 1711; x_wconf 85' lang='lat' dir='ltr'><strong>esse,</strong></span> <span class='ocrx_word' id='word_1_83' title='bbox 526 1633 630 1699; x_wconf 84' lang='lat' dir='ltr'><strong>effecit</strong></span> <span class='ocrx_word' id='word_1_84' title='bbox 658 1635 882 1700; x_wconf 78' lang='lat' dir='ltr'><strong>sententiarum</strong></span> <span class='ocrx_word' id='word_1_85' title='bbox 904 1635 978 1700; x_wconf 83' lang='lat' dir='ltr'><strong>ordo</strong></span> <span class='ocrx_word' id='word_1_86' title='bbox 1000 1653 1059 1699; x_wconf 92' lang='lat' dir='ltr'><strong>non</strong></span> <span class='ocrx_word' id='word_1_87' title='bbox 1082 1634 1134 1698; x_wconf 91' lang='lat' dir='ltr'><strong>in·</strong></span> 
     </span>
     <span class='ocr_line' id='line_1_14' title="bbox 61 1737 1132 1818; baseline 0.003 -17.045"><span class='ocrx_word' id='word_1_88' title='bbox 61 1737 208 1802; x_wconf 83' lang='lat' dir='ltr'><strong>tellectus</strong></span> <span class='ocrx_word' id='word_1_89' title='bbox 240 1745 342 1815; x_wconf 90' lang='lat' dir='ltr'><strong>(num</strong></span> <span class='ocrx_word' id='word_1_90' title='bbox 375 1738 519 1817; x_wconf 77' lang='lat' dir='ltr'><strong>sciret,</strong></span> <span class='ocrx_word' id='word_1_91' title='bbox 555 1740 622 1805; x_wconf 93' lang='lat' dir='ltr'><strong>nbi</strong></span> <span class='ocrx_word' id='word_1_92' title='bbox 658 1741 768 1806; x_wconf 84' lang='lat' dir='ltr'><strong>esset</strong></span> <span class='ocrx_word' id='word_1_93' title='bbox 803 1739 1027 1818; x_wconf 86' lang='lat' dir='ltr'><strong>Vitellius).</strong></span> <span class='ocrx_word' id='word_1_94' title='bbox 1082 1741 1132 1817; x_wconf 84' lang='lat' dir='ltr'><strong>(lo</strong></span> 
     </span>
    </p>

    <p class='ocr_par' dir='ltr' id='par_1_8' title="bbox 11 1844 1132 2036">
     <span class='ocr_line' id='line_1_15' title="bbox 11 1844 1132 1958; baseline 0.009 -51"><span class='ocrx_word' id='word_1_95' title='bbox 11 1883 13 1958; x_wconf 33' lang='grc' dir='ltr'><em>ᾗ</em></span> <span class='ocrx_word' id='word_1_96' title='bbox 62 1845 195 1908; x_wconf 83' lang='lat' dir='ltr'><strong>eandem</strong></span> <span class='ocrx_word' id='word_1_97' title='bbox 216 1844 423 1910; x_wconf 79' lang='lat' dir='ltr'><strong>coniecturam</strong></span> <span class='ocrx_word' id='word_1_98' title='bbox 444 1844 597 1912; x_wconf 82' lang='lat' dir='ltr'><strong>incideret</strong></span> <span class='ocrx_word' id='word_1_99' title='bbox 618 1846 676 1912; x_wconf 82' lang='lat' dir='ltr'><strong>Th.</strong></span> <span class='ocrx_word' id='word_1_100' title='bbox 699 1847 865 1932; x_wconf 72' lang='lat' dir='ltr'><strong>lensenrun</strong></span> <span class='ocrx_word' id='word_1_101' title='bbox 889 1846 977 1913; x_wconf 83' lang='lat' dir='ltr'><strong>audit</strong></span> <span class='ocrx_word' id='word_1_102' title='bbox 963 1851 1012 1913; x_wconf 89' lang='lat' dir='ltr'><strong>tor</strong></span> <span class='ocrx_word' id='word_1_103' title='bbox 1032 1864 1132 1940; x_wconf 66' lang='lat' dir='ltr'><strong>meus,</strong></span> 
     </span>
     <span class='ocr_line' id='line_1_16' title="bbox 63 1953 619 2036; baseline 0.005 -19"><span class='ocrx_word' id='word_1_104' title='bbox 63 1969 155 2035; x_wconf 88' lang='lat' dir='ltr'><strong>quem</strong></span> <span class='ocrx_word' id='word_1_105' title='bbox 179 1968 262 2016; x_wconf 88' lang='lat' dir='ltr'><strong>mors</strong></span> <span class='ocrx_word' id='word_1_106' title='bbox 283 1953 467 2035; x_wconf 81' lang='lat' dir='ltr'><strong>praemature</strong></span> <span class='ocrx_word' id='word_1_107' title='bbox 493 1955 619 2036; x_wconf 84' lang='lat' dir='ltr'><strong>rapuit.)</strong></span> 
     </span>
    </p>
   </div>
   <div class='ocr_carea' id='block_1_4' title="bbox 512 2202 684 2270">
    <p class='ocr_par' dir='ltr' id='par_1_9' title="bbox 512 2202 684 2270">
     <span class='ocr_line' id='line_1_17' title="bbox 512 2202 684 2270; baseline -0.012 0"><span class='ocrx_word' id='word_1_108' title='bbox 512 2202 684 2270; x_wconf 82' lang='lat' dir='ltr'><strong>luvenalis.</strong></span> 
     </span>
    </p>
   </div>
   <div class='ocr_carea' id='block_1_5' title="bbox 10 2366 1142 4150">
    <p class='ocr_par' dir='ltr' id='par_1_10' title="bbox 166 2366 1134 2452">
     <span class='ocr_line' id='line_1_18' title="bbox 166 2366 1134 2452; baseline -0.002 -19"><span class='ocrx_word' id='word_1_109' title='bbox 166 2367 193 2433; x_wconf 82' lang='lat' dir='ltr'><strong>ll</strong></span> <span class='ocrx_word' id='word_1_110' title='bbox 213 2367 313 2450; x_wconf 88' lang='lat' dir='ltr'><strong>poetis</strong></span> <span class='ocrx_word' id='word_1_111' title='bbox 335 2368 452 2435; x_wconf 84' lang='lat' dir='ltr'><strong>Latinis</strong></span> <span class='ocrx_word' id='word_1_112' title='bbox 475 2371 628 2435; x_wconf 86' lang='lat' dir='ltr'><strong>neminem</strong></span> <span class='ocrx_word' id='word_1_113' title='bbox 657 2367 706 2434; x_wconf 90' lang='lat' dir='ltr'><strong>his</strong></span> <span class='ocrx_word' id='word_1_114' title='bbox 732 2366 898 2452; x_wconf 85' lang='lat' dir='ltr'><strong>postremis</strong></span> <span class='ocrx_word' id='word_1_115' title='bbox 919 2367 1008 2434; x_wconf 76' lang='lat' dir='ltr'><strong>annis</strong></span> <span class='ocrx_word' id='word_1_116' title='bbox 1030 2367 1134 2431; x_wconf 90' lang='lat' dir='ltr'><strong>inteu-</strong></span> 
     </span>
    </p>

    <p class='ocr_par' dir='ltr' id='par_1_11' title="bbox 10 2470 1142 4150">
     <span class='ocr_line' id='line_1_19' title="bbox 10 2470 1134 2560; baseline -0.003 -21"><span class='ocrx_word' id='word_1_117' title='bbox 10 2521 11 2530; x_wconf 34' lang='grc' dir='ltr'><strong>ι</strong></span> <span class='ocrx_word' id='word_1_118' title='bbox 64 2476 142 2541; x_wconf 87' lang='lat' dir='ltr'><strong>tiore</strong></span> <span class='ocrx_word' id='word_1_119' title='bbox 167 2474 271 2540; x_wconf 88' lang='lat' dir='ltr'><strong>studio</strong></span> <span class='ocrx_word' id='word_1_120' title='bbox 293 2475 433 2540; x_wconf 78' lang='lat' dir='ltr'><strong>tractavi.</strong></span> <span class='ocrx_word' id='word_1_121' title='bbox 480 2476 586 2560; x_wconf 79' lang='lat' dir='ltr'><strong>linque</strong></span> <span class='ocrx_word' id='word_1_122' title='bbox 607 2494 700 2540; x_wconf 87' lang='lat' dir='ltr'><strong>unam</strong></span> <span class='ocrx_word' id='word_1_123' title='bbox 721 2472 773 2539; x_wconf 89' lang='lat' dir='ltr'><strong>hio</strong></span> <span class='ocrx_word' id='word_1_124' title='bbox 786 2490 898 2555; x_wconf 88' lang='lat' dir='ltr'><strong>ponam</strong></span> <span class='ocrx_word' id='word_1_125' title='bbox 914 2471 952 2538; x_wconf 89' lang='lat' dir='ltr'><strong>de</strong></span> <span class='ocrx_word' id='word_1_126' title='bbox 974 2470 1134 2538; x_wconf 80' lang='lat' dir='ltr'><strong>quenalis</strong></span> 
     </span>
     <span class='ocr_line' id='line_1_20' title="bbox 64 2577 1133 2660; baseline -0.005 -15"><span class='ocrx_word' id='word_1_127' title='bbox 64 2581 131 2647; x_wconf 87' lang='lat' dir='ltr'><strong>loeo</strong></span> <span class='ocrx_word' id='word_1_128' title='bbox 153 2578 360 2660; x_wconf 83' lang='lat' dir='ltr'><strong>eonieeturam</strong></span> <span class='ocrx_word' id='word_1_129' title='bbox 381 2580 456 2647; x_wconf 91' lang='lat' dir='ltr'><strong>olim</strong></span> <span class='ocrx_word' id='word_1_130' title='bbox 480 2600 581 2648; x_wconf 87' lang='lat' dir='ltr'><strong>errore</strong></span> <span class='ocrx_word' id='word_1_131' title='bbox 604 2601 622 2646; x_wconf 86' lang='lat' dir='ltr'><strong>a</strong></span> <span class='ocrx_word' id='word_1_132' title='bbox 644 2599 694 2644; x_wconf 91' lang='lat' dir='ltr'><strong>me</strong></span> <span class='ocrx_word' id='word_1_133' title='bbox 718 2579 876 2646; x_wconf 83' lang='lat' dir='ltr'><strong>omissam.</strong></span> <span class='ocrx_word' id='word_1_134' title='bbox 921 2577 1004 2644; x_wconf 86' lang='lat' dir='ltr'><strong>Nem</strong></span> <span class='ocrx_word' id='word_1_135' title='bbox 1027 2577 1051 2655; x_wconf 87' lang='lat'><strong>1,</strong></span> <span class='ocrx_word' id='word_1_136' title='bbox 1072 2577 1133 2640; x_wconf 76' lang='lat'><strong>144</strong></span> 
     </span>
     <span class='ocr_line' id='line_1_21' title="bbox 66 2682 1136 2770; baseline -0.005 -18"><span class='ocrx_word' id='word_1_137' title='bbox 66 2687 112 2752; x_wconf 86' lang='lat' dir='ltr'><strong>sie</strong></span> <span class='ocrx_word' id='word_1_138' title='bbox 144 2686 262 2752; x_wconf 85' lang='lat' dir='ltr'><strong>editur:</strong></span> <span class='ocrx_word' id='word_1_139' title='bbox 296 2686 398 2752; x_wconf 88' lang='lat' dir='ltr'><strong>Hine</strong></span> <span class='ocrx_word' id='word_1_140' title='bbox 420 2694 470 2764; x_wconf 83' lang='lat' dir='ltr'><strong>(en</strong></span> <span class='ocrx_word' id='word_1_141' title='bbox 491 2686 653 2754; x_wconf 89' lang='lat' dir='ltr'><strong>luxuriosis</strong></span> <span class='ocrx_word' id='word_1_142' title='bbox 676 2687 761 2752; x_wconf 81' lang='lat' dir='ltr'><strong>uenis</strong></span> <span class='ocrx_word' id='word_1_143' title='bbox 782 2691 814 2752; x_wconf 89' lang='lat' dir='ltr'><strong>ot</strong></span> <span class='ocrx_word' id='word_1_144' title='bbox 833 2685 915 2770; x_wconf 83' lang='lat' dir='ltr'><strong>gulae</strong></span> <span class='ocrx_word' id='word_1_145' title='bbox 935 2682 1136 2766; x_wconf 80' lang='lat' dir='ltr'><strong>intemperie)</strong></span> 
     </span>
     <span class='ocr_line' id='line_1_22' title="bbox 66 2790 1133 2876; baseline -0.002 -20"><span class='ocrx_word' id='word_1_146' title='bbox 66 2793 211 2857; x_wconf 80' lang='lat' dir='ltr'><strong>subitae</strong></span> <span class='ocrx_word' id='word_1_147' title='bbox 246 2795 394 2858; x_wconf 88' lang='lat' dir='ltr'><strong>mortes</strong></span> <span class='ocrx_word' id='word_1_148' title='bbox 437 2796 558 2876; x_wconf 88' lang='lat' dir='ltr'><strong>atque</strong></span> <span class='ocrx_word' id='word_1_149' title='bbox 601 2795 803 2859; x_wconf 83' lang='lat' dir='ltr'><strong>intestata</strong></span> <span class='ocrx_word' id='word_1_150' title='bbox 845 2793 1035 2858; x_wconf 79' lang='lat' dir='ltr'><strong>senectus</strong></span> <span class='ocrx_word' id='word_1_151' title='bbox 1072 2790 1133 2855; x_wconf 85' lang='lat' dir='ltr'><strong>eet.</strong></span> 
     </span>
     <span class='ocr_line' id='line_1_23' title="bbox 66 2894 1134 2975; baseline -0.001 -13"><span class='ocrx_word' id='word_1_152' title='bbox 66 2898 191 2963; x_wconf 83' lang='lat' dir='ltr'><strong>Subitas</strong></span> <span class='ocrx_word' id='word_1_153' title='bbox 223 2900 338 2964; x_wconf 86' lang='lat' dir='ltr'><strong>mortes</strong></span> <span class='ocrx_word' id='word_1_154' title='bbox 370 2899 450 2966; x_wconf 88' lang='lat' dir='ltr'><strong>elbei</strong></span> <span class='ocrx_word' id='word_1_155' title='bbox 471 2901 599 2967; x_wconf 84' lang='lat' dir='ltr'><strong>nouandi</strong></span> <span class='ocrx_word' id='word_1_156' title='bbox 622 2900 740 2967; x_wconf 86' lang='lat' dir='ltr'><strong>luxurio</strong></span> <span class='ocrx_word' id='word_1_157' title='bbox 760 2899 839 2965; x_wconf 89' lang='lat' dir='ltr'><strong>nibil</strong></span> <span class='ocrx_word' id='word_1_158' title='bbox 861 2899 972 2964; x_wconf 89' lang='lat' dir='ltr'><strong>mirum</strong></span> <span class='ocrx_word' id='word_1_159' title='bbox 997 2899 1056 2975; x_wconf 82' lang='grc' dir='ltr'><strong>ιιι,</strong></span> <span class='ocrx_word' id='word_1_160' title='bbox 1079 2894 1134 2962; x_wconf 85' lang='lat' dir='ltr'><strong>sed</strong></span> 
     </span>
     <span class='ocr_line' id='line_1_24' title="bbox 67 3003 1135 3089; baseline -0.004 -19"><span class='ocrx_word' id='word_1_161' title='bbox 67 3003 142 3086; x_wconf 84' lang='lat' dir='ltr'><strong>quid</strong></span> <span class='ocrx_word' id='word_1_162' title='bbox 165 3022 202 3069; x_wconf 90' lang='lat' dir='ltr'><strong>ea</strong></span> <span class='ocrx_word' id='word_1_163' title='bbox 221 3005 260 3069; x_wconf 86' lang='lat' dir='ltr'><strong>ad</strong></span> <span class='ocrx_word' id='word_1_164' title='bbox 283 3007 473 3071; x_wconf 85' lang='lat' dir='ltr'><strong>testamento</strong></span> <span class='ocrx_word' id='word_1_165' title='bbox 492 3005 690 3089; x_wconf 82' lang='lat' dir='ltr'><strong>impedienda</strong></span> <span class='ocrx_word' id='word_1_166' title='bbox 711 3005 874 3088; x_wconf 67' lang='lat' dir='ltr'><strong>pertineat,</strong></span> <span class='ocrx_word' id='word_1_167' title='bbox 896 3024 956 3070; x_wconf 93' lang='lat' dir='ltr'><strong>non</strong></span> <span class='ocrx_word' id='word_1_168' title='bbox 980 3003 1135 3088; x_wconf 80' lang='lat' dir='ltr'><strong>intelligo,</strong></span> 
     </span>
     <span class='ocr_line' id='line_1_25' title="bbox 67 3109 1134 3194; baseline -0.002 -19"><span class='ocrx_word' id='word_1_169' title='bbox 67 3130 164 3194; x_wconf 88' lang='lat' dir='ltr'><strong>neque</strong></span> <span class='ocrx_word' id='word_1_170' title='bbox 197 3111 306 3194; x_wconf 79' lang='lat' dir='ltr'><strong>magis,</strong></span> <span class='ocrx_word' id='word_1_171' title='bbox 340 3130 394 3177; x_wconf 90' lang='lat' dir='ltr'><strong>eur</strong></span> <span class='ocrx_word' id='word_1_172' title='bbox 427 3130 534 3178; x_wconf 88' lang='lat' dir='ltr'><strong>senum</strong></span> <span class='ocrx_word' id='word_1_173' title='bbox 569 3111 699 3176; x_wconf 83' lang='lat' dir='ltr'><strong>maxime</strong></span> <span class='ocrx_word' id='word_1_174' title='bbox 730 3113 920 3179; x_wconf 85' lang='lat' dir='ltr'><strong>testamenta</strong></span> <span class='ocrx_word' id='word_1_175' title='bbox 950 3109 983 3174; x_wconf 91' lang='lat' dir='ltr'><strong>iu</strong></span> <span class='ocrx_word' id='word_1_176' title='bbox 1013 3109 1070 3174; x_wconf 87' lang='lat' dir='ltr'><strong>bae</strong></span> <span class='ocrx_word' id='word_1_177' title='bbox 1101 3128 1134 3174; x_wconf 88' lang='lat' dir='ltr'><strong>re</strong></span> 
     </span>
     <span class='ocr_line' id='line_1_26' title="bbox 68 3212 1136 3301; baseline -0.001 -20"><span class='ocrx_word' id='word_1_178' title='bbox 68 3216 272 3301; x_wconf 82' lang='lat' dir='ltr'><strong>appellentur.</strong></span> <span class='ocrx_word' id='word_1_179' title='bbox 316 3216 396 3298; x_wconf 78' lang='lat' dir='ltr'><strong>Quid</strong></span> <span class='ocrx_word' id='word_1_180' title='bbox 418 3218 529 3300; x_wconf 72' lang='lat' dir='ltr'><strong>potest,</strong></span> <span class='ocrx_word' id='word_1_181' title='bbox 552 3217 579 3283; x_wconf 90' lang='lat' dir='ltr'><strong>si</strong></span> <span class='ocrx_word' id='word_1_182' title='bbox 601 3215 754 3282; x_wconf 85' lang='lat' dir='ltr'><strong>sententio</strong></span> <span class='ocrx_word' id='word_1_183' title='bbox 769 3216 930 3281; x_wconf 84' lang='lat' dir='ltr'><strong>verborum</strong></span> <span class='ocrx_word' id='word_1_184' title='bbox 946 3212 1136 3296; x_wconf 74' lang='lat' dir='ltr'><strong>explanetur,</strong></span> 
     </span>
     <span class='ocr_line' id='line_1_27' title="bbox 68 3320 1136 3406; baseline -0.004 -18"><span class='ocrx_word' id='word_1_185' title='bbox 68 3325 195 3390; x_wconf 86' lang='lat' dir='ltr'><strong>stultius</strong></span> <span class='ocrx_word' id='word_1_186' title='bbox 217 3327 271 3390; x_wconf 89' lang='lat' dir='ltr'><strong>aut</strong></span> <span class='ocrx_word' id='word_1_187' title='bbox 291 3323 465 3406; x_wconf 82' lang='lat' dir='ltr'><strong>perversius</strong></span> <span class='ocrx_word' id='word_1_188' title='bbox 493 3324 553 3389; x_wconf 87' lang='lat' dir='ltr'><strong>diei</strong></span> <span class='ocrx_word' id='word_1_189' title='bbox 581 3339 676 3405; x_wconf 90' lang='lat' dir='ltr'><strong>quam</strong></span> <span class='ocrx_word' id='word_1_190' title='bbox 707 3324 832 3404; x_wconf 87' lang='lat' dir='ltr'><strong>propter</strong></span> <span class='ocrx_word' id='word_1_191' title='bbox 862 3320 989 3387; x_wconf 77' lang='lat' dir='ltr'><strong>nouandi</strong></span> <span class='ocrx_word' id='word_1_192' title='bbox 1023 3321 1136 3385; x_wconf 90' lang='lat' dir='ltr'><strong>intem·</strong></span> 
     </span>
     <span class='ocr_line' id='line_1_28' title="bbox 67 3426 1135 3512; baseline -0.006 -16"><span class='ocrx_word' id='word_1_193' title='bbox 67 3429 237 3512; x_wconf 87' lang='lat' dir='ltr'><strong>perantiam</strong></span> <span class='ocrx_word' id='word_1_194' title='bbox 260 3448 348 3496; x_wconf 87' lang='lat' dir='ltr'><strong>senes</strong></span> <span class='ocrx_word' id='word_1_195' title='bbox 370 3431 560 3497; x_wconf 84' lang='lat' dir='ltr'><strong>testamenta</strong></span> <span class='ocrx_word' id='word_1_196' title='bbox 583 3427 787 3494; x_wconf 81' lang='lat' dir='ltr'><strong>nonfacere?</strong></span> <span class='ocrx_word' id='word_1_197' title='bbox 809 3426 880 3493; x_wconf 86' lang='lat' dir='ltr'><strong>Una</strong></span> <span class='ocrx_word' id='word_1_198' title='bbox 893 3426 999 3491; x_wconf 85' lang='lat' dir='ltr'><strong>littera</strong></span> <span class='ocrx_word' id='word_1_199' title='bbox 1014 3426 1135 3491; x_wconf 80' lang='grc' dir='ltr'><strong>ιιιιιιιιιι</strong></span> 
     </span>
     <span class='ocr_line' id='line_1_29' title="bbox 69 3531 1138 3619; baseline -0.007 -17"><span class='ocrx_word' id='word_1_200' title='bbox 69 3538 200 3604; x_wconf 82' lang='lat' dir='ltr'><strong>efficitur</strong></span> <span class='ocrx_word' id='word_1_201' title='bbox 214 3538 297 3603; x_wconf 87' lang='lat' dir='ltr'><strong>reeta</strong></span> <span class='ocrx_word' id='word_1_202' title='bbox 311 3538 344 3602; x_wconf 90' lang='lat' dir='ltr'><strong>et</strong></span> <span class='ocrx_word' id='word_1_203' title='bbox 359 3539 433 3619; x_wconf 83' lang='lat' dir='ltr'><strong>epta</strong></span> <span class='ocrx_word' id='word_1_204' title='bbox 446 3535 616 3602; x_wconf 81' lang='lat' dir='ltr'><strong>sententie:</strong></span> <span class='ocrx_word' id='word_1_205' title='bbox 634 3539 748 3617; x_wconf 88' lang='lat' dir='ltr'><strong>atquo</strong></span> <span class='ocrx_word' id='word_1_206' title='bbox 765 3531 923 3599; x_wconf 79' lang='lat' dir='ltr'><strong>intestata</strong></span> <span class='ocrx_word' id='word_1_207' title='bbox 936 3549 1003 3597; x_wconf 88' lang='lat' dir='ltr'><strong>sen</strong></span> <span class='ocrx_word' id='word_1_208' title='bbox 1013 3537 1138 3596; x_wconf 77' lang='lat' dir='ltr'><strong>sotus.</strong></span> 
     </span>
     <span class='ocr_line' id='line_1_30' title="bbox 69 3636 1136 3724; baseline -0.006 -15"><span class='ocrx_word' id='word_1_209' title='bbox 69 3643 218 3711; x_wconf 70' lang='lat' dir='ltr'><strong>Senectus</strong></span> <span class='ocrx_word' id='word_1_210' title='bbox 253 3643 365 3709; x_wconf 87' lang='lat' dir='ltr'><strong>subitis</strong></span> <span class='ocrx_word' id='word_1_211' title='bbox 399 3642 448 3708; x_wconf 90' lang='lat' dir='ltr'><strong>bis</strong></span> <span class='ocrx_word' id='word_1_212' title='bbox 483 3643 516 3708; x_wconf 89' lang='lat' dir='ltr'><strong>et</strong></span> <span class='ocrx_word' id='word_1_213' title='bbox 549 3638 743 3724; x_wconf 79' lang='lat' dir='ltr'><strong>prematuris</strong></span> <span class='ocrx_word' id='word_1_214' title='bbox 781 3636 932 3704; x_wconf 89' lang='lat' dir='ltr'><strong>mortibus</strong></span> <span class='ocrx_word' id='word_1_215' title='bbox 960 3638 1136 3713; x_wconf 39' lang='lat' dir='ltr'><strong>infestetur*</strong></span> 
     </span>
     <span class='ocr_line' id='line_1_31' title="bbox 68 3743 1142 3832; baseline -0.007 -17"><span class='ocrx_word' id='word_1_216' title='bbox 68 3750 219 3832; x_wconf 81' lang='lat' dir='ltr'><strong>paucique</strong></span> <span class='ocrx_word' id='word_1_217' title='bbox 250 3753 305 3815; x_wconf 88' lang='lat' dir='ltr'><strong>eut</strong></span> <span class='ocrx_word' id='word_1_218' title='bbox 331 3749 409 3815; x_wconf 93' lang='lat' dir='ltr'><strong>unlli</strong></span> <span class='ocrx_word' id='word_1_219' title='bbox 438 3767 505 3813; x_wconf 90' lang='lat' dir='ltr'><strong>eam</strong></span> <span class='ocrx_word' id='word_1_220' title='bbox 535 3750 774 3830; x_wconf 79' lang='lat' dir='ltr'><strong>consequuntur.</strong></span> <span class='ocrx_word' id='word_1_221' title='bbox 827 3744 944 3810; x_wconf 79' lang='lat' dir='ltr'><strong>Eodem</strong></span> <span class='ocrx_word' id='word_1_222' title='bbox 980 3743 1142 3826; x_wconf 87' lang='lat' dir='ltr'><strong>pertinent·</strong></span> 
     </span>
     <span class='ocr_line' id='line_1_32' title="bbox 70 3848 1140 3937; baseline -0.008 -16"><span class='ocrx_word' id='word_1_223' title='bbox 70 3857 135 3922; x_wconf 83' lang='lat' dir='ltr'><strong>sine</strong></span> <span class='ocrx_word' id='word_1_224' title='bbox 172 3855 238 3922; x_wconf 84' lang='lat' dir='ltr'><strong>ullu</strong></span> <span class='ocrx_word' id='word_1_225' title='bbox 272 3857 529 3922; x_wconf 83' lang='lat' dir='ltr'><strong>testamentorum</strong></span> <span class='ocrx_word' id='word_1_226' title='bbox 562 3851 797 3937; x_wconf 82' lang='lat' dir='ltr'><strong>signifieatione,</strong></span> <span class='ocrx_word' id='word_1_227' title='bbox 830 3867 899 3935; x_wconf 78' lang='lat' dir='ltr'><strong>quae</strong></span> <span class='ocrx_word' id='word_1_228' title='bbox 933 3848 1140 3917; x_wconf 82' lang='lat' dir='ltr'><strong>subiiciuntnr</strong></span> 
     </span>
     <span class='ocr_line' id='line_1_33' title="bbox 70 3955 1142 4041; baseline -0.007 -14"><span class='ocrx_word' id='word_1_229' title='bbox 70 3964 116 4039; x_wconf 90' lang='lat' dir='ltr'><strong>(it</strong></span> <span class='ocrx_word' id='word_1_230' title='bbox 147 3981 247 4028; x_wconf 82' lang='lat' dir='ltr'><strong>noue</strong></span> <span class='ocrx_word' id='word_1_231' title='bbox 279 3982 349 4028; x_wconf 86' lang='lat' dir='ltr'><strong>nee</strong></span> <span class='ocrx_word' id='word_1_232' title='bbox 381 3959 522 4026; x_wconf 86' lang='lat' dir='ltr'><strong>tristis</strong></span> <span class='ocrx_word' id='word_1_233' title='bbox 554 3978 623 4041; x_wconf 89' lang='lat' dir='ltr'><strong>per</strong></span> <span class='ocrx_word' id='word_1_234' title='bbox 656 3959 823 4024; x_wconf 83' lang='lat' dir='ltr'><strong>cunetas</strong></span> <span class='ocrx_word' id='word_1_235' title='bbox 855 3955 993 4022; x_wconf 86' lang='lat' dir='ltr'><strong>fabula</strong></span> <span class='ocrx_word' id='word_1_236' title='bbox 1020 3971 1142 4021; x_wconf 79' lang='lat' dir='ltr'><strong>oenus</strong></span> 
     </span>
     <span class='ocr_line' id='line_1_34' title="bbox 72 4062 1142 4150; baseline -0.006 -16"><span class='ocrx_word' id='word_1_237' title='bbox 72 4075 141 4149; x_wconf 87' lang='grc' dir='ltr'><strong>ιιι,</strong></span> <span class='ocrx_word' id='word_1_238' title='bbox 162 4069 216 4134; x_wconf 91' lang='lat' dir='ltr'><strong>ubi</strong></span> <span class='ocrx_word' id='word_1_239' title='bbox 240 4069 454 4150; x_wconf 87' lang='lat' dir='ltr'><strong>superstitiose</strong></span> <span class='ocrx_word' id='word_1_240' title='bbox 475 4066 655 4132; x_wconf 83' lang='lat' dir='ltr'><strong>restitutum</strong></span> <span class='ocrx_word' id='word_1_241' title='bbox 677 4069 724 4131; x_wconf 92' lang='lat' dir='ltr'><strong>est</strong></span> <span class='ocrx_word' id='word_1_242' title='bbox 746 4069 799 4143; x_wconf 89' lang='grc' dir='ltr'><strong>ιι,</strong></span> <span class='ocrx_word' id='word_1_243' title='bbox 822 4063 910 4147; x_wconf 86' lang='lat' dir='ltr'><strong>quusi</strong></span> <span class='ocrx_word' id='word_1_244' title='bbox 933 4063 998 4127; x_wconf 80' lang='lat' dir='ltr'><strong>haeo</strong></span> <span class='ocrx_word' id='word_1_245' title='bbox 1019 4062 1142 4139; x_wconf 74' lang='lat' dir='ltr'><strong>coeant</strong></span> 
     </span>
    </p>
   </div>
   <div class='ocr_carea' id='block_1_6' title="bbox 0 0 1390 4572">
    <p class='ocr_par' dir='ltr' id='par_1_12' title="bbox 0 0 1390 4572">
     <span class='ocr_line' id='line_1_35' title="bbox 0 0 1390 4572; baseline 0 0"><span class='ocrx_word' id='word_1_246' title='bbox 0 0 1390 4572; x_wconf 95' lang='lat' dir='ltr'><strong> </strong></span> 
     </span>
    </p>
   </div>
  </div>
 </body>
</html>
