2712 4576
297 214 357 278 m
663 213 919 284 mmmm

146 459 149 466 .
256 411 423 478 discessum
453 411 556 476 odium
585 411 690 479 Cicero
721 411 806 491 dicit,
840 411 922 496 quud
951 410 1076 478 omnino
1103 413 1196 494 negat
1222 409 1333 475 ullum

243 516 348 614 'fuisse
371 517 430 584 nisi
452 515 556 584 Clodii
578 520 695 586 artibus
718 520 798 603 apud
821 518 958 602 perditos
980 517 1121 584 homines
1146 515 1332 590 excitatum,

255 622 308 688 sed
331 623 479 690 benorum
500 624 614 692 civium
635 625 715 692 irem
737 627 769 691 et
791 626 896 692 odium
917 624 950 690 in
971 642 1033 703 eos,
1056 639 1133 708 quos
1147 621 1332 688 Ciueronem

256 749 363 813 parem
384 730 499 796 iuvisse
521 750 557 800 ae
580 732 751 800 defendisse
773 733 926 815 putarent.

355 857 433 924 Ibid.
457 861 514 925 48:
546 864 585 927 in
619 861 765 946 quibus
797 861 960 945 legibus
991 859 1129 925 inerat
1164 857 1331 924 curiata

254 962 332 1029 illa
351 962 429 1038 lex.
452 969 678 1050 quatotum
696 970 782 1048 eius
798 967 1050 1033 tribunatum
1067 965 1328 1038 eontinebat,

255 1089 368 1154 quam
390 1091 514 1139 eaeeus
537 1077 714 1141 amentia
736 1094 808 1139 nen
824 1074 999 1139 videbat.
1021 1070 1089 1137 Non
1104 1072 1206 1156 legem
1222 1071 1327 1153 ipsam

255 1176 359 1244 Cicero
380 1183 473 1263 negat
495 1179 638 1246 Clodium
660 1179 786 1259 vidisse,
814 1178 895 1264 quod
924 1179 1048 1245 omnino
1071 1178 1177 1260 inepte
1200 1177 1327 1252 dieitur,

254 1282 309 1348 sed
339 1302 453 1350 eaeeum
483 1286 619 1352 amentia
639 1272 700 1352 nen
729 1284 985 1352 animadvertisse
1008 1284 1093 1364 dieii,
1116 1302 1183 1348 eam
1209 1283 1326 1367 legem,

255 1409 321 1473 quae
343 1390 383 1465 de
405 1410 438 1461 ee
460 1393 523 1458 lete
551 1394 642 1471 esset,
673 1391 862 1458 Iulianarum
884 1411 1010 1458 numeru
1033 1389 1195 1458 contineri.
1243 1384 1348 1456 Seri-l

255 1497 389 1564 bendum
414 1498 531 1582 igilur:
564 1499 650 1584 quud
681 1517 806 1566 eaeeus
835 1498 1014 1566 ementis
1042 1515 1116 1562 non
1145 1483 1348 1562 videbatr

223 1619 224 1622 ’
254 1604 426 1670 Pronomeu
447 1624 549 1672 errore
572 1605 838 1672 accommodatum
860 1605 908 1670 est
930 1604 968 1668 ad
991 1603 1131 1686 superius
1154 1601 1291 1685 quae.*)

353 1727 500 1794 luidbe:
523 1731 641 1794 terra
663 1731 794 1794 motus
815 1727 1033 1793 horribilis
1054 1746 1137 1792 eum
1162 1726 1325 1810 quibus·

256 1833 339 1897 dam
364 1834 505 1900 multis
534 1835 844 1920 metuendisque
873 1836 1000 1901 rebus.
1050 1832 1236 1898 Mendosum
1259 1850 1326 1897 esse

254 1938 493 2020 quibusdam
524 1941 682 2018 multis,
712 1941 791 2007 nihil
813 1961 889 2024 opus
920 1943 968 2007 est
995 1938 1216 2016 demonstrari3
1247 1937 1325 2004 illud

253 2043 347 2112 miror
367 2065 428 2113 non
450 2047 708 2127 animadversum,
731 2048 868 2131 ineptam
891 2066 958 2114 esse
983 2047 1014 2112 in
1037 2045 1094 2110 tali
1122 2065 1155 2111 re
1181 2048 1324 2111 metuen-

254 2152 361 2218 derum
394 2172 523 2238 rerum
558 2153 764 2232 mentionem3
797 2153 851 2219 sed
880 2156 982 2220 totum
1002 2153 1082 2218 illud
1102 2152 1222 2216 rebus
1245 2151 1323 2216 inP

254 2258 401 2340 seriptum
425 2279 518 2342 supre
539 2279 661 2325 versum
684 2262 740 2340 est,
764 2260 845 2325 unde
866 2259 899 2324 in
922 2264 1037 2326 eeteros
1052 2259 1170 2324 cedices
1185 2258 1320 2324 transiit.
1348 2300 1349 2332 ι

258 2366 355 2445 iniis,
372 2368 589 2450 quaerestant:
613 2385 697 2432 eum
720 2366 959 2450 quibusdem
981 2365 1125 2432 multis
1144 2366 1321 2430 metuen·

253 2470 411 2554 disque.
433 2471 528 2538 latere
550 2473 692 2538 ridentur
712 2473 795 2538 haee:
822 2491 906 2538 eum
929 2472 1169 2556 quibusdam
1192 2473 1323 2553 <mum
1348 2499 1349 2508 ι

253 2577 374 2659 stris>
395 2577 493 2644 mutis
522 2580 839 2665 metuendisque.
894 2579 944 2645 Ad
964 2578 1068 2661 ipsum
1089 2579 1180 2643 terrae
1201 2580 1322 2643 motum
1348 2625 1349 2630 ι

255 2687 434 2762 accesserat,
456 2685 492 2750 ut
512 2685 612 2750 oeulis
633 2685 839 2753 obiicerentur
867 2687 952 2751 mirae
981 2688 1013 2750 et
1040 2685 1197 2750 inusitate
1216 2691 1322 2750 'rerum

254 2788 361 2853 formae
382 2787 449 2871 ipso
471 2789 594 2858 silentio
615 2792 779 2859 terribiles.
824 2793 980 2860 llxeidisee
1004 2791 1234 2858 substantivum
1259 2810 1321 2857 eer-

254 2897 321 2959 tum
343 2895 400 2960 est.
520 2937 523 2946 ι

355 3084 418 3152 Pru
450 3087 553 3157 Sestio
588 3088 663 3162 131:
701 3108 868 3174 eumque
900 3089 1052 3156 itinere
1084 3088 1173 3154 toto
1204 3088 1322 3154 urbes

255 3190 390 3256 Italiae
412 3191 541 3262 festos
564 3195 650 3262 dies
671 3196 1011 3280 egereadveutue
1032 3194 1109 3260 mei
1129 3193 1320 3260 videban-

255 3302 335 3377 tur,
364 3299 437 3365 viae
465 3300 737 3367 multitudine
764 3302 992 3386 legatorum
1019 3299 1195 3384 undique
1229 3298 1319 3365 mis·

255 3422 385 3474 sorum
408 3404 723 3474 celebrabantur
744 3412 802 3476 eet.
854 3407 932 3472 Vere
959 3410 1103 3490 reeteque
1132 3404 1205 3471 olim
1227 3422 1317 3489 nega·

255 3527 359 3575 ueram
381 3511 447 3578 haee
468 3514 538 3578 enm
560 3515 768 3598 superioribus
784 3515 859 3580 ‘''una
885 3513 1039 3581 sententia
1067 3511 1211 3596 coniungi
1233 3528 1317 3595 posse

257 3634 315 3681 ιιοιι
337 3615 436 3682 solum
455 3624 580 3704 propter
607 3623 769 3688 verberum
791 3619 923 3698 ‚modum
951 3620 1106 3686 mutatum
1130 3625 1230 3695 (eum
1252 3665 1259 3680 .
1281 3660 1316 3679 .·

310 3860 337 3928 *)
357 3865 372 3926 5
391 3861 426 3917 54
444 3863 501 3918 sine
520 3862 603 3918 dubio
623 3863 796 3918 scribendum
815 3868 867 3917 eet:
888 3867 944 3917 eut
961 3861 1139 3916 universus
1152 3860 1314 3915 interitus

356 3962 413 4010 aut
439 3956 583 4012 victoris
611 3957 800 4012 dominatus
828 3967 862 4011 ee
888 3955 950 4025 (pre
979 3957 1045 4022 eut)
1074 3969 1218 4024 regnum.
1259 3949 1313 4006 Non

356 4050 409 4105 tria
428 4049 627 4120 disiunguntur,
646 4048 694 4105 sed
713 4049 774 4104 duo.
