2712 4576
432 281 573 337 Ciceronis
591 283 737 338 orationes.
1023 287 1080 350 147

46 475 211 552 dicuntum
244 478 298 544 sed
325 477 399 561 quid
429 479 471 544 sit
499 479 537 544 in
559 481 710 563 gremio
733 483 974 549 consulatus
1004 483 1123 569 aliquid

45 583 192 664 sepelire,
232 603 356 666 prorsus
389 603 448 650 non
481 584 636 669 intellig03
670 605 739 652 nam
775 593 806 655 et
838 590 938 672 iprum
971 591 1123 673 gremium

44 690 229 755 consulatus
263 691 423 758 ridiculam
456 692 550 757 habet
581 692 759 778 imaginem,
792 696 824 760 et
854 698 884 761 in
915 698 1031 782 gremio
1054 715 1122 780 quaa

45 796 235 873 conduntur,
258 798 361 880 potius
387 798 510 864 tutandi
532 801 790 885 conservandique
812 821 903 870 causa
922 821 1014 886 quum
1031 822 1121 886 sepe·

44 900 142 966 liendi
175 904 358 970 conduntur.
412 906 457 970 Ex
478 905 527 984 iis,
558 925 625 990 quae
654 911 839 991 sequuntur:
875 909 1122 992 persequere

44 1010 314 1076 continentes
335 1009 398 1075 his
420 1011 633 1078 funeribus
658 1012 761 1091 dios,
783 1017 908 1098 apparet
926 1015 1068 1097 tempora
1090 1017 1122 1080 et

45 1115 191 1182 ordinem
214 1135 316 1182 rerum
340 1137 358 1182 a
379 1116 523 1184 cicerone
547 1118 596 1184 hic
614 1119 788 1204 significata
802 1139 869 1186 esse
884 1121 1122 1206 consulatusque

44 1223 178 1288 initium
200 1242 271 1288 eum
294 1223 407 1290 dixisse
428 1225 467 1290 ab
489 1225 602 1310 legum,
636 1244 712 1310 quus
734 1228 962 1306 commemorat
993 1230 1025 1293 et
1050 1245 1123 1292 cen·

45 1328 136 1394 seriae
172 1327 338 1412 potestatis
373 1330 529 1396 eversione
559 1331 672 1397 iactum
703 1351 779 1398 esse.
835 1331 1005 1419 Scripserat
1025 1332 1123 1418 igitur

46 1439 172 1502 Cicero:
206 1439 245 1501 in
281 1435 432 1521 proemio
466 1437 630 1520 sepulta
662 1440 898 1506 consulatue
929 1440 999 1503 tui.
1024 1437 1121 1504 -Gum

3 1585 4 1588 =
47 1544 201 1625 prooemio
225 1543 325 1626 operis
348 1544 469 1609 initium
493 1543 667 1611 consulatus
688 1539 853 1627 comparet.

151 1661 233 1727 Ibid.
259 1663 313 1726 17:
337 1681 419 1727 cum
440 1661 602 1728 videres
633 1681 793 1728 maerere
815 1680 893 1728 rem
919 1663 1122 1746 publicam

47 1767 302 1851 amplissimi
324 1768 479 1833 ordinis
507 1769 637 1848 luctu,
668 1770 847 1836 onoster
869 1769 1122 1836 misericors!

3 1955 4 1962 ἵ
47 1875 145 1958 quid
175 1872 300 1940 facis?
343 1873 547 1958 Respublica
568 1873 632 1940 suis
653 1874 855 1942 incommodis
876 1878 1031 1952 maerebat,
1060 1895 1119 1941 uon

3 2048 4 2058 ,
47 1982 183 2047 senatus
203 1981 300 2046 luctu.
348 1979 450 2046 Cicero
472 1981 650 2063 scripserat:
673 2000 757 2048 eum
779 1982 940 2049 videres
955 2000 1122 2050 merorem

3 2071 5 2154 l
48 2089 83 2153 R.
101 2089 138 2156 P.
166 2086 393 2168 (reipublicae),
416 2086 663 2169 amplissimi
685 2087 841 2154 ordinis
863 2087 994 2155 luctum.
1030 2089 1124 2154 Error

3 2205 4 2218 ³
48 2195 137 2260 ortus
164 2195 211 2258 est
232 2193 347 2258 omissa
369 2195 442 2258 nota
464 2192 576 2258 litterae
598 2194 675 2272 m.*)

153 2299 232 2364 Ibid.
259 2300 315 2365 66:
338 2299 572 2365 convivium
594 2299 798 2383 publicum
820 2317 894 2364 nou
912 2298 1122 2383 dignitatis

3 2457 5 2482 ,
48 2425 174 2472 causa
205 2405 347 2484 inibit,
381 2406 459 2472 nisi
493 2405 614 2487 forte,
648 2411 691 2473 ut
717 2424 801 2473 cum
823 2405 1010 2489 patribus
1033 2423 1123 2470 con·

3 2499 4 2550 ³
48 2511 331 2596 scriptis‚hoc
352 2515 429 2592 est,
445 2531 529 2577 cum
552 2513 801 2579 amatoribus
824 2512 908 2577 ruis
930 2513 1045 2578 cenet
1064 2513 1122 2577 cet

3 2639 4 2678 2
49 2621 102 2687 Sic
126 2619 192 2685 cod.
215 2618 252 2684 V.
297 2621 460 2685 Amatores
483 2617 603 2686 Pisonis
625 2621 727 2703 patres
742 2617 907 2700 conscripti
922 2636 976 2700 per
991 2616 1123 2684 uoniam

50 2728 114 2793 dici
137 2726 199 2794 nisi
221 2745 291 2791 eum
313 2726 400 2791 loedae
423 2725 468 2790 rei
489 2724 712 2808 significatione
726 2726 776 2792 vix
790 2725 944 2808 poterant,
959 2724 1121 2808 magisque

50 2833 94 2899 ad
115 2832 236 2898 Pisonis
258 2833 290 2896 in
313 2833 414 2915 patres
437 2849 529 2915 quam
552 2831 591 2895 ed
613 2833 736 2913 patrum
759 2831 790 2895 in
815 2831 956 2897 Pisonem
979 2831 1123 2896 affectum

51 2942 140 3004 iocus
163 2936 315 3021 pertinere
336 2939 436 3003 debet.
483 2935 569 3000 Nihil
591 2937 695 3003 tamen
716 2954 883 3015 moverem,
898 2935 961 3001 uisi
976 2937 1006 3000 in
1023 2936 1124 3002 codice

51 3046 255 3129 palimpsesto
280 3042 459 3108 Taurineusi
481 3044 513 3108 et
535 3042 645 3108 ceteris
675 3042 859 3108 scriberetur
890 3042 1123 3107 maioribus.

53 3155 170 3235 Aperte
192 3150 400 3234 significatur:
424 3149 495 3213 hoc
518 3149 594 3220 ast,
616 3168 700 3214 cum
715 3147 878 3214 amoribus
893 3147 979 3224 suis
1000 3150 1124 3214 cenet.

53 3262 186 3324 Amores
215 3260 247 3322 et
277 3255 393 3322 deliciae
422 3254 544 3320 Pisanis
570 3255 724 3319 senatores
752 3252 954 3337 appellantura
984 3272 1070 3337 quos,
1099 3255 1126 3320 si

55 3363 195 3430 Ciceroni
227 3363 391 3439 credimus,
424 3360 624 3426 infestissime
657 3359 774 3437 oderat,
807 3358 959 3442 quomodo
990 3358 1124 3442 Philipp.

55 3471 146 3549 ΧΙΙΙ,
168 3469 210 3532 26
237 3467 397 3533 deliciae
420 3469 541 3550 etque
563 3484 716 3532 amores
739 3465 878 3549 populi
900 3465 1066 3532 Romani
1089 3465 1124 3531 L.

56 3577 210 3642 Antonius
234 3572 415 3659 appellatur,
436 3573 519 3640 idem
535 3572 608 3638 ibid.
624 3572 707 3644 XIV.
724 3572 744 3635 8
759 3573 826 3640 sine
847 3570 946 3637 ironia
967 3572 1128 3658 insigne

47 3870 51 3878 ·
109 3845 138 3914 *)
155 3843 285 3900 Proxima
308 3843 491 3913 paragrapho,
516 3842 564 3897 ubi
589 3841 728 3898 scribitur:
758 3848 795 3897 ut
821 3846 959 3896 senatus
978 3880 983 3894 .
1003 3881 1009 3896 .
1030 3879 1063 3894 ..
1087 3837 1127 3893 ad

159 3938 317 3992 vestitum
343 3935 484 4006 rediret,
509 3951 615 4005 vereor,
636 3952 670 3992 ue
694 3935 728 3991 ab
752 3940 861 3992 oratore
886 3933 1017 4004 scriptum
1044 3930 1128 3986 luerit

160 4030 200 4085 ad
217 4029 376 4086 vestitum
396 4033 553 4096 <suum>.
591 4029 709 4084 Senatus
726 4035 831 4086 restem
848 4031 1001 4086 mutaverat
1019 4028 1129 4092 sumpta

160 4123 363 4194 equestrium
381 4127 486 4179 restem
504 4125 641 4192 posuerat.

877 4217 930 4276 10*
