2740 4572
434 229 595 284 Ammianus
611 228 792 284 Marcellinus.
1048 227 1109 291 265

182 424 265 490 lbid.
281 425 310 505 5,
325 424 344 487 3
360 423 405 502 (16
420 423 626 507 descriptione
648 424 757 490 subitae
773 424 936 490 Persarum
956 423 1154 502 incursionis,

83 515 151 596 cnm
175 530 349 595 Autiecfflae
369 530 401 596 in
423 531 545 597 theatro
566 530 653 613 plebs
675 531 826 607 sederet):
849 530 1023 596 retortis
1044 531 1167 612 plebs-

83 637 274 702 nniversa
292 636 524 702 cervicibus
546 638 831 703 exacervantia
851 637 891 701 in
914 655 954 701 se
976 635 1060 702 tela
1082 636 1165 702 dc·-

83 742 243 808 clinaus
265 743 473 825 spernitur
493 742 654 825 passim.
683 742 790 827 Neque
813 760 1052 808 exacervate
1074 743 1150 808 alibi

82 849 195 913 dicitur
227 853 325 931 'neque
356 848 552 914 intransitive
585 849 647 916 dici
680 853 792 934 potest.
847 847 1048 916 Scribonium
1070 865 1151 940 exu-

80 953 243 1022 bersabe.

19 1069 21 1096 ¹
184 1059 262 1126 ibid
292 1061 321 1140 6,
355 1062 392 1126 dr
424 1079 466 1128 oo
499 1080 623 1144 66666
656 1062 895 1144 propagatis
928 1063 1152 1130 honoribus

78 1166 244 1244 (Arsacis),
274 1170 316 1232 ut
347 1165 394 1231 ad
414 1166 549 1233 nostri
578 1170 804 1234 memoriam
827 1186 900 1233 non
923 1168 1003 1234 nisi
1025 1170 1165 1235 Arsa--

17 1279 18 1282 ’
78 1271 194 1337 rides
214 1272 249 1336 is
270 1273 376 1338 situs
398 1291 512 1356 quam
539 1273 578 1338 in
604 1273 865 1356 suscipiendo
886 1293 1008 1359 regno
1030 1293 1152 1340 cuno·

77 1379 137 1442 tis
159 1379 435 1459 anteponatur
450 1381 507 1446 cet.
531 1379 690 1444 Sententia
702 1379 810 1444 eadem
822 1379 986 1463 dupliciter
997 1380 1153 1447 enuntiari

77 1485 214 1565 poterat,
236 1487 291 1548 aut
312 1486 365 1560 sic,
387 1488 432 1564 ut,
455 1484 482 1550 si
503 1485 669 1551 Arsacides
690 1484 801 1570 aliquia
823 1485 956 1561 adesset,
979 1485 1150 1577 issemper

78 1607 132 1654 rex
165 1589 283 1654 electus
316 1590 479 1668 diceretur,
511 1594 567 1657 aut
598 1591 652 1668 sic,
685 1595 721 1656 ut
752 1593 821 1656 tum
850 1589 985 1670 demum,
1007 1591 1034 1655 si
1056 1609 1147 1657 nemo

77 1695 246 1762 Arsacides
275 1696 470 1778 reperiretur,
500 1697 553 1762 alii
583 1697 687 1763 aditus
715 1698 756 1762 ad
778 1715 906 1780 regnum
929 1697 1163 1780 capessendum·

79 1804 172 1868 datus
202 1821 278 1869 esse.
345 1802 480 1869 Priorem
512 1803 644 1868 formam
674 1803 874 1869 Ammianum
907 1806 1045 1868 secutum
1081 1821 1165 1869 esse·

78 1908 367 1974 manifestissimum
399 1913 448 1974 est
476 1927 512 1974 ex
539 1909 640 1974 verbis
671 1911 831 1976 cunctis
864 1909 1164 1992 anteponatur..

79 2016 190 2098 itaque
211 2033 248 2079 ex
269 2013 407 2080 codicum
429 2014 580 2096 scriptura
595 2019 766 2082 necessario
784 2017 932 2082 efficitur:
956 2018 1021 2081 ut.
1046 2061 1053 2077 .
1078 2059 1101 2094 .‚
1123 2013 1165 2081 si.

80 2119 302 2186 Arsacides
321 2119 521 2204 situsquaru,
543 2122 582 2186 in
605 2120 868 2204 suscipiendo
890 2139 1011 2205 regno
1035 2139 1150 2187 cunc·

77 2228 136 2292 tis
170 2226 454 2307 anteponatur.
509 2226 570 2292 Sed
597 2227 671 2310 quid
697 2228 751 2294 bet
770 2227 885 2293 litteris
906 2247 981 2293 nou
1003 2227 1058 2318 61,
1082 2244 1149 2309 666

80 2335 154 2398 6616
176 2334 209 2398 61
232 2333 353 2414 scriptae
375 2335 472 2398 sunt?
516 2333 669 2400 Nimirum
701 2333 740 2399 iis
771 2335 896 2398 utemur
929 2331 970 2398 ad
1002 2331 1148 2398 emenda·

78 2439 195 2505 tionem
219 2440 439 2506 absolvendam
457 2442 490 2505 61
504 2440 752 2506 confirmandam.
775 2437 973 2521 Perspicuum
990 2439 1039 2502 661
1055 2438 1161 2514 enim‚.

78 2564 139 2611 non
155 2545 437 2628 posseLatinedioi
460 2546 506 2612 ad
527 2544 659 2611 nostri
679 2545 907 2611 memoriam
929 2563 984 2626 pro
1001 2561 1046 2618 ee,
1062 2543 1143 2626 quod

78 2653 128 2718 661
149 2652 195 2716 ad
227 2652 406 2717 nostram
436 2653 681 2730 memoriam,
710 2670 767 2717 nec
788 2654 892 2722 tamen
913 2651 977 2715 6116
999 2648 1088 2714 modo
1111 2666 1162 2713 ex.

77 2758 257 2823 nostram
291 2757 341 2822 hic
373 2757 446 2821 oriri
478 2759 616 2839 potuisse
651 2757 792 2823 nostri.
847 2757 957 2839 Itaque
980 2758 1011 2821 in
1035 2754 1151 2820 litteris

78 2881 155 2929 non
177 2863 217 2927 ni
240 2864 318 2927 latet
339 2863 501 2946 genetivus
529 2863 717 2931 substantivi
746 2882 817 2928 cum
846 2864 977 2930 nostri
1002 2859 1160 2945 copulati,¹

78 2969 338 3052 scribendumque
361 2972 424 3034 est:
457 2971 501 3034 ut
532 2969 579 3034 ad
600 2969 733 3036 nostri
755 2973 981 3035 memoriam
1006 2968 1075 3046 nvi,
1112 2967 1147 3031 si

77 3074 297 3141 Arsacides
319 3076 378 3138 cet.

182 3192 258 3257 lbid.
282 3191 300 3275 ξ]
324 3192 364 3254 11
384 3191 451 3268 (ubi
483 3192 588 3275 agitur
618 3192 657 3256 de
679 3211 748 3257 aere
769 3192 919 3258 insalubri
941 3194 974 3256 61
994 3190 1083 3255 161611
1112 3208 1161 3254 ex.

78 3295 216 3363 hiatibus
237 3301 328 3362 terrae
349 3297 518 3374 6116161616
541 3297 630 3378 Qua
652 3297 740 3362 1666
763 3297 897 3362 oriens
921 3316 939 3361 a
961 3293 1150 3379 profundo

79 3403 245 3487 quodam
280 3406 417 3486 puteo,
450 3421 533 3469 cnm
569 3421 610 3468 os
643 3402 730 3469 eius
762 3401 1151 3475 excesseritlatum

79 3515 293 3593 antequam
316 3510 534 3574 sublimius
556 3512 791 3594 vagaretur,
814 3513 948 3574 terras
969 3507 1158 3574 circum·v

80 3617 184 3680 sitas
212 3614 512 3680 inhabitabiles
539 3615 766 3682 acerbitate
788 3615 969 3681 fecisset.
1027 3615 1160 3681 Omitto·

80 3720 295 3806 suspicionem,
318 3739 386 3804 quae
408 3722 544 3787 nascitur
570 3739 607 3786 ex
628 3721 779 3788 adiectivo
807 3723 934 3790 latum
961 3740 1061 3804 66666
1090 3738 1158 3786 666-

80 3827 145 3893 1666
166 3826 268 3909 posito
289 3815 389 3910 neque
420 3826 459 3890 ad
482 3844 547 3891 rem
574 3827 749 3910 pertinenti,
776 3827 920 3913 qnoniam
942 3828 1019 3894 nihil
1042 3828 1148 3903 refert,

79 3949 172 4014 quom
194 3932 295 3997 latum
317 3935 359 3998 sit
379 3949 414 3998 os
436 3933 535 4015 putei;
557 3932 590 3997 id
613 3932 692 4013 dico,
714 3953 753 4000 ne
774 3921 915 4000 umbram
934 3933 1058 4018 quidem
1077 3951 1146 3998 ora·

79 4037 173 4104 tionis
205 4039 288 4103 recte
321 4037 501 4112 cohaerentis
537 4057 605 4105 esse
643 4039 675 4104 in
710 4041 767 4107 hoc
803 4058 950 4107 concursu
986 4041 1159 4105 renuncia·
