2728 4582
260 251 316 342 36'
623 276 683 332 nro.
703 277 725 330 ι.
745 279 810 346 cap.
829 275 878 328 111.

220 502 248 542 κ.
271 502 299 541 τ.
328 501 357 541 σ.
391 471 429 541 τό
453 469 613 560 φρόνημα
645 470 682 540 τό
706 475 767 558 τῆς
790 467 920 546 πόλεως
941 481 1083 539 ἕκαστον
1104 464 1202 555 ὑμῶν
1237 470 1288 536 δεῖ

221 609 248 647 κ.
275 609 303 648 τ.
327 586 356 647 λ.
396 583 398 594 ’

320 733 404 807 xix,
427 735 504 798 231:
527 733 560 798 τί
576 724 640 798 οὖν
654 732 741 816 μεταλ
766 732 874 798 ταῦτα
882 757 894 803 ,·
916 725 1105 818 Ἀθηναῖοι
1121 723 1288 816 λαβόντες

220 815 360 931 (ᾔδεσαν
381 844 445 926 ,ιιὲν
468 834 533 928 γαρ
556 833 679 916 πόλαι)
702 840 735 904 τί
758 839 808 913 δίς
839 835 920 912 τούς
945 842 1010 924 μὲν
1032 831 1175 925 χρήματ’
1198 839 1290 922 εἰλη-

206 941 326 1030 ,φότας
349 949 404 1012 καὶ
429 947 516 1032 δῶρα
541 949 596 1013 καὶ
614 939 903 1032 καταισχύναντας
918 937 1072 1020 ἑαυτούς,
1088 940 1153 1030 τήν
1169 937 1289 1020 πόλιν,

220 1051 301 1128 τοδς
334 1055 462 1122 ἑαυτῶν
485 1054 623 1129 παῖδας,
654 1047 799 1136 α’φεῑσαν
828 1055 881 1118 καλ
906 1054 990 1119 νοῦν
1021 1059 1108 1138 ἔχειν
1140 1046 1289 1138 ἡγοῦντο

128 1157 139 1184 ”
225 1164 278 1228 καὶ
312 1155 376 1247 τήν
411 1155 514 1226 πόλιν
547 1154 783 1226 ον’θενεῑοθαι·
818 1154 878 1226 τόν
901 1161 935 1226 δὲ
958 1159 1214 1246 κατηγοροῦντα
1237 1162 1290 1238 τίς
1353 1173 1358 1233 ,’

181 1327 182 1332 ,
221 1269 538 1359 ἐμβεβροντῆσθαι,
572 1262 636 1350 τήν
669 1262 771 1333 πόλιν
804 1261 954 1358 οἷγνοεῑν,Ι
988 1260 1049 1332 οὐκ
1090 1273 1176 1353 ἔχειν
1207 1261 1291 1332 ὅποι
1353 1266 1357 1289 “

221 1373 263 1442 οδ
299 1375 423 1442 ἑαυτοῦ
456 1375 569 1460 ῥίπτῃ.
614 1374 682 1438 Non
714 1374 872 1457 quaeritur,
906 1373 980 1456 quid
1012 1371 1219 1438 Athenienses
1253 1374 1293 1437 dc
1352 1432 1356 1445 ,

222 1483 307 1546 statu
318 1481 364 1545 rei
376 1481 507 1562 publicae
529 1481 742 1559 iudicaverint,
765 1480 819 1546 sed
842 1479 916 1563 quid
937 1481 975 1544 de
991 1479 1114 1544 illorum
1130 1479 1293 1544 hominum

225 1588 423 1669 reipublicae
445 1586 719 1651 administratione.
765 1587 873 1668 Itaque
894 1586 948 1651 ubi
970 1585 1113 1651 scribitur
1136 1580 1294 1652 εὐθενεῖ-

121 1679 130 1688 ’
222 1701 318 1769 σθαι,
344 1693 513 1758 necessario
535 1693 699 1776 requiritur
714 1691 823 1758 activae
845 1691 1079 1776 significationis
1101 1693 1230 1756 verbum
1253 1694 1294 1758 ad
1351 1695 1355 1776 ’s

223 1801 293 1866 illos
326 1799 467 1865 homines
499 1800 666 1880 pertinens
701 1799 959 1881 quemadmodum
981 1798 1012 1862 in
1035 1799 1131 1863 altero
1154 1800 1294 1866 membro

224 1905 328 1970 omnia
353 1905 509 1987 pertinent
539 1904 578 1970 ad
608 1899 670 1971 τόν
693 1905 958 1992 κατηγοροῦντα.
1008 1904 1176 1972 Sententiae
1199 1907 1295 1972 satis·

123 2090 125 2106 Ι
225 2013 298 2076 facit
320 2014 373 2076 καὶ
397 2004 462 2094 τήν
484 2005 586 2077 πόλιν
609 2003 654 2077 εὖ
677 2013 921 2089 διαθεῖναι,
950 2011 1125 2077 litterarum
1152 2012 1295 2096 vestigiis

223 2119 335 2194 minus,
359 2118 397 2182 ad
420 2137 488 2201 quae
511 2119 634 2201 propius
657 2119 814 2184 accederet
841 2109 886 2184 εὖ
908 2122 1089 2197 udedan
1123 2119 1179 2184 sod
1199 2119 1234 2184 id
1257 2122 1295 2185 de

223 2226 315 2290 rebus
336 2225 412 2290 benc
435 2243 488 2290 suo
510 2225 579 2290 usui
602 2224 868 2290 accommodandis
891 2225 1014 2302 dicitur,
1046 2224 1126 2307 quod
1149 2225 1295 2294 hocloco

1349 1794 1355 1991 i

224 2330 325 2396 minus
349 2332 456 2413 aptum
480 2333 536 2396 est.
591 2331 688 2396 Paulo
720 2332 791 2396 ante
821 2350 919 2414 nequo
949 2332 982 2396 ci
1005 2332 1039 2396 δέ
1060 2350 1158 2414 neque
1180 2333 1214 2397 τί
1237 2334 1296 2400 δαί

223 2457 328 2504 rerum
361 2457 427 2504 esse
460 2439 578 2521 potest;
622 2438 751 2503 fortasse
792 2436 941 2520 scriptum
973 2437 1088 2504 fuerat:
1126 2432 1295 2523 λαβόντες

223 2541 362 2634 (ᾔδεσαν
383 2550 448 2630 μὲν
470 2539 534 2630 γδρ
558 2534 664 2608 παλαι
689 2541 780 2629 ἤδη)
802 2539 882 2617 voda
903 2549 968 2628 μὲν
991 2570 1018 2608 κ.
1041 2571 1071 2610 τ.
1095 2547 1124 2610 λ.

311 2706 716 2791 lbid.266(de01ynthiis):
740 2700 839 2772 ον’δὲν
852 2701 978 2781 odoror
990 2701 1121 2774 τούτων
1134 2705 1295 2797 ε’δσνήθκ,
1351 2786 1354 2803 Ι

225 2813 340 2888 σώσαι,
372 2807 457 2879 α’λλολ
488 2815 570 2898 πρὶν
598 2817 662 2898 μὲν
692 2816 843 2890 ἐξελθεῖν
874 2810 1031 2880 ε’νιαντόν
1053 2816 1118 2898 τοι]
1138 2818 1295 2901 πολέμου
1351 2806 1355 2827 ¹

226 2916 287 2994 τδς
310 2913 428 2994 πόλεις
449 2913 586 2994 οἶποῖσας
609 2913 875 2986 οἷπαλωλὲκεοαν
896 2917 958 2995 τοῖς
981 2928 1017 2988 ἐν
1039 2923 1080 3011 τῇ
1097 2925 1295 3014 Χαλκιδικῇ
1351 2911 1355 2927 ’

225 3023 456 3114 προδιδόντες.
513 3027 568 3093 Sic
592 3029 636 3106 Σ;
659 3027 753 3093 ceteri
775 3033 808 3093 οἱ
830 3024 1064 3111 προδιδόντες.
1117 3029 1295 3114 Utrumque
1354 3015 1356 3088 i

225 3153 310 3216 aeque
332 3154 508 3216 perversum
531 3138 594 3216 cst3
626 3151 697 3197 nam
726 3153 824 3216 neque
847 3134 1067 3218 Olynthiorum
1088 3137 1231 3218 populus,
1255 3139 1294 3204 de
1355 3179 1356 3193 ι

224 3260 283 3324 quo
306 3242 417 3322 agitur,
441 3242 473 3306 et
494 3259 586 3324 quem
609 3239 872 3322 servaripotuisse
887 3246 986 3307 orator
1001 3243 1103 3327 negat,
1118 3244 1185 3326 ipse
1201 3246 1295 3310 urbes
1355 3271 1356 3278 ¹

223 3348 410 3430 prodiderat,
444 3366 541 3430 neque
574 3347 746 3431 proditores
779 3350 869 3414 urbes
901 3351 1070 3414 amiserant
1092 3352 1146 3414 aut
1168 3353 1294 3417 omnino
1353 3376 1356 3385 ·

223 3453 256 3518 in
278 3455 357 3519 hanc
378 3454 563 3519 sententiam
587 3453 623 3517 de
645 3453 775 3518 interitu
791 3453 1007 3538 Olynthiorum
1022 3454 1138 3520 includi
1153 3460 1295 3538 possunt.
1353 3494 1356 3555 ;

225 3559 410 3624 Tollendum
433 3559 614 3642 simpliciter
637 3553 869 3642 προδιδόντες,
886 3561 991 3644 inepte
1008 3561 1151 3626 additum
1167 3566 1296 3646 propter

223 3665 266 3745 id,
289 3666 371 3748 quod
389 3667 536 3748 sequitur,
549 3680 620 3740 τοῖς
635 3667 857 3751 προδιδοῦσιν
872 3669 1050 3746 (sententiae
1065 3669 1296 3734 accommodari

224 3773 345 3855 poterat
367 3773 608 3857 προδοθείσας,
641 3793 746 3839 verum
776 3777 807 3839 et
837 3775 1007 3840 abundaret
1029 3793 1127 3856 neque
1149 3774 1240 3839 facile
1263 3775 1295 3839 in

225 3871 446 3963 προδιδόντες
460 3882 646 3960 transisset).
686 3880 750 3958 [Sic
791 3881 853 3946 ium
888 3881 1092 3946 Markiuudus
1136 3883 1168 3946 et
1211 3881 1296 3959 alii.]
1353 3922 1357 3937 ·

225 3985 343 4050 Deinde
395 4005 461 4068 quae
498 3987 733 4092 'subiunguntur
775 3987 813 4051 de
856 3987 1049 4068 proditorum
1092 3986 1296 4052 multitudine

225 4091 265 4156 ad
297 4091 400 4159 omnia
443 4093 596 4159 offerenda
643 4094 793 4174 prompta,
844 4093 875 4157 in
919 4093 1023 4160 codiee
1068 4096 1100 4160 Σ
1128 4093 1172 4159 sic
1217 4095 1296 4160 scri·
