2728 4582
396 373 398 378 ,
530 314 673 384 Sophoclis
690 313 770 369 Aiax.
1066 306 1068 312 ’
1116 315 1134 377 9

208 513 377 598 Δέχεσθαι
400 499 583 595 σνμφοριίν
604 509 682 574 nihil
697 513 744 575 est
758 511 818 577 nisi
832 511 949 577 malum
966 509 1130 576 admittere
1145 515 1176 576 et

101 615 265 700 suscipere
292 615 563 701 (quemadmodum
592 615 703 681 Trach.
732 616 793 680 376
825 617 938 683 dicitur
965 616 1176 702 εἰσδέχεσθαι

100 717 274 810 appendo
295 715 518 810 ὑπόστεγσν);
540 722 621 806 quod
636 722 775 789 hocloco
791 721 961 789 necessario
976 723 1186 808 significetur,-

100 829 229 896 Ulixem
250 829 328 894 nihil
349 829 427 894 maii
448 828 597 912 suspicari
619 829 729 893 debere
752 826 813 892 sibi
835 846 872 893 er
894 829 988 895 Aiace
1014 829 1182 908 oriturum?

101 935 163 1000 illo
185 936 277 1000 verbo
298 934 465 1020 significari
487 934 602 1019 nequit.
647 934 762 1018 Opinor
784 934 933 1016 scriptum
956 935 1067 1002 fuisse:

208 1086 216 1103 .
240 1087 248 1106 .
271 1088 280 1106 .
301 1042 387 1127 μηδὲ
410 1036 593 1127 σνμφσρσίν
614 1041 745 1108 τίθου

208 1144 270 1213 τόν
291 1141 395 1231 ἄνδρ’.

257 1322 320 1384 404
342 1342 408 1406 sqq.
431 1325 474 1399 (in
499 1303 604 1388 Aiacis
627 1322 778 1407 querela):

210 1441 270 1493 ποῖ
290 1453 343 1502 τις
364 1419 427 1495 οὖν
450 1420 561 1516 φύγῃς

209 1547 270 1600 roci
290 1531 407 1620 μολσίν
432 1536 525 1621 μενῶ
534 1561 545 1616 3

209 1643 239 1706 εἰ
261 1636 303 1707 co*
326 1645 391 1728 μὲν
419 1641 554 1728 Ιφθίνει,
582 1639 687 1726 φίλοι,
709 1633 814 1706 τοῖσδ’
836 1634 924 1725 ὁμοῦ
947 1641 1063 1716 πέλας,

208 1741 338 1833 μοίραις
361 1742 512 1836 δ’ίίγραις
535 1747 784 1832 προσκείμσθα.

208 1909 340 1975 Versum
352 1911 413 1975 406
426 1915 603 1993 corruptum
615 1929 693 1988 esse,
706 1913 738 1974 et
748 1909 947 1974 manifestum
960 1910 1009 1974 eet
1023 1910 1056 1973 ot
1071 1928 1187 1976 omnes

103 2015 172 2081 fere
205 2017 419 2095 consentiunt3
460 2035 557 2100 neque
589 2019 694 2081 tamen
727 2015 890 2099 quisquam
924 2014 1182 2082 animadvertisse

106 2121 233 2188 videtur
253 2122 386 2204 primam
407 2123 511 2188 mendi
534 2123 639 2188 sedem
662 2120 696 2187 in
719 2123 810 2207 φίλοι
843 2139 918 2192 esso,
947 2121 999 2205 qui
1020 2123 1187 2188 vocativus

107 2230 141 2292 et
162 2246 218 2308 per
239 2247 271 2293 se
293 2229 325 2294 in
348 2229 406 2294 hnc
428 2229 566 2312 generat-i
588 2228 807 2311 conquestione
829 2230 861 2292 et
882 2229 1047 2292 miserrimi
1077 2230 1186 2294 status

108 2331 316 2416 descriptione
342 2334 465 2416 ineptus
497 2340 554 2413 est,
588 2336 620 2400 et
652 2336 733 2417 quod
762 2335 840 2399 Aiax
862 2333 962 2398 solam
983 2335 1178 2400 Tecmessam

108 2437 288 2522 alloquitur.
333 2444 368 2506 In
396 2442 493 2506 altero
521 2441 658 2507 membro
689 2433 808 2524 (τοῖσδ’
829 2465 857 2505 ιι.
880 2465 909 2505 τ.
933 2441 976 2515 λ.)
998 2441 1096 2505 latere
1119 2440 1181 2506 ali-

107 2546 193 2629 quid,
227 2546 309 2630 quod
342 2547 491 2630 superiori
523 2552 554 2613 εἰ
586 2541 628 2613 τιί
657 2551 722 2631 μὲν
755 2547 876 2631 φθίνει
910 2546 1096 2612 contrarium
1130 2547 1189 2625 sit.

108 2651 286 2719 Dindortius
323 2655 436 2733 sensit,
471 2655 526 2720 sed
561 2653 660 2729 τίσις,
698 2655 780 2736 quod
816 2672 870 2737 pro
907 2666 981 2719 τσῑσ
1017 2652 1191 2734 substituit

107 2757 211 2838 (τίσις
234 2753 287 2839 δ’),
320 2762 352 2826 et
383 2780 402 2826 a
434 2759 548 2826 litteris
570 2761 692 2846 longius
714 2760 831 2826 recedit
853 2761 885 2825 et
907 2760 1063 2825 notionem
1084 2758 1180 2824 habet

108 2865 213 2931 minus
235 2866 308 2932 huic
329 2868 394 2932 loco
416 2869 537 2950 aptem3
566 2865 643 2931 illud
666 2865 859 2931 Dindortium
883 2885 1003 2950 qnoque
1025 2865 1105 2949 tegit
1127 2867 1182 2930 aut

108 2990 169 3037 non
203 2973 279 3038 satis
306 2973 485 3049 commovit,
520 2972 600 3054 quod
633 2968 674 3038 τσί
707 2977 772 3058 μέν
805 2972 899 3038 nimis
928 2972 1047 3037 infinite
1069 2971 1186 3037 dicitur

109 3078 267 3164 (quedam
298 3079 445 3155 interire).
500 3081 608 3161 Itaque
640 3079 764 3144 initium
794 3077 1026 3159 ‘emendationis
1060 3082 1116 3157 est,
1147 3081 1192 3143 ut

108 3185 224 3249 rectius
246 3185 394 3269 separatis
416 3185 530 3251 litteris
553 3186 720 3252 scribatur:
744 3188 776 3251 εἰ
797 3177 839 3252 eoi
855 3188 921 3270 μὲν
943 3183 1076 3271 φθίνει,
1099 3177 1190 3270 pii*
1300 3246 1303 3256 ,

111 3290 153 3368 (si
175 3308 243 3372 quae
266 3292 390 3356 caract
421 3292 520 3358 amico
552 3295 635 3370 sunt,
669 3294 828 3375 pereunt);
862 3290 974 3356 deinde
1010 3290 1182 3358 coniunctis

109 3396 226 3462 rectius
247 3395 362 3462 litteris
383 3417 502 3482 unaque
518 3397 622 3464 deleta
636 3397 777 3486 efficitur,
796 3395 988 3481 quodetiam
1005 3397 1183 3463 Dindorfius

109 3503 276 3586 querebat,
309 3503 438 3568 alterius
460 3497 589 3570 membri
612 3503 803 3569 subiectum:
838 3503 957 3576 οἶτος
990 3496 1028 3571 δ’.
1086 3503 1192 3570 Totus»

108 3608 207 3693 igitur
229 3628 336 3675 versus
358 3607 402 3674 sic
424 3610 603 3675 scribendus
626 3613 689 3675 est:

212 3741 244 3804 εἰ
265 3734 306 3805 cci
328 3740 394 3823 μὲν
417 3738 546 3824 φθίνει,
569 3731 662 3823 φίλ’,
685 3737 728 3805 σῖ
733 3763 806 3813 τος
828 3731 858 3806 δ’
859 3733 948 3823 ὁμσῦ
972 3742 1084 3815 πίλοις.

254 3883 324 3959 '496
347 3915 412 3981 sqq.
455 3898 620 3964 Tecmessa
640 3898 684 3964 sic
705 3898 855 3981 loquitur:

212 4010 235 4114 ᾖ
256 4018 322 4112 γιίρ
344 4021 460 4115 θάνῃς
481 4022 526 4093 σύ
548 4028 603 4093 καί
626 4022 830 4114 τελευτήσας
851 4022 955 4116 cippis,

213 4124 321 4222 ταύτῃ
344 4126 461 4218 νόμιζε
484 4126 571 4218 νσῖμὲ
592 4135 635 4220 τῇ
657 4126 736 4200 τόθ’
758 4127 867 4220 ἡμέρᾳ
895 4132 901 4202 s
