2728 4582
469 276 609 346 Euripidis
628 275 687 332 Ion.
1032 278 1070 338 17
1164 311 1168 320 ·

53 470 285 554 aliamqucque
305 473 452 538 feminam
474 441 581 538 ecdem
602 492 663 556 quc
677 473 762 540 lonis
781 475 913 540 matrem
935 493 1023 540 usam
1045 492 1113 542 esse

56 576 223 641 calamitate
244 578 301 643 filii
331 577 502 662 amitiendi.
557 580 625 646 Hoc
658 581 763 644 audito
797 581 851 645 Ion
883 581 921 646 ad
955 579 1113 664 quaerendi

56 682 182 746 studium
206 687 238 747 et
255 703 342 766 spem
360 684 487 769 erigitur
501 704 687 769 versumque
701 685 896 769 proloquitur
910 686 941 751 in
958 685 1112 753 codicibus

55 789 94 852 sic
114 789 277 872 scriptum:

76 890 86 906 '
144 897 217 978 cic,-
241 895 342 965 εἶπον
364 901 440 980 ε”μοι
462 894 588 984 ξυλάβε
617 900 673 977 (Ρ;
696 897 737 963 C:
765 897 866 967 εἶπον
895 901 929 966 εἴ
950 924 1012 984 μοι
1036 899 1114 976 ξυλ-

54 996 150 1090 λάβῃ)
171 1003 353 1090 χαίροιμεν.
372 999 425 1072 ἄν.

22 1163 23 1168 ,
144 1109 277 1176 Versum
309 1110 451 1187 fractum,
484 1111 516 1174 in
549 1127 609 1192 quo
642 1108 769 1177 offendit
805 1112 898 1176 etiam
935 1109 1112 1195 imperativi

52 1213 143 1279 forma
164 1214 272 1291 εἶπον,
296 1215 384 1282 cuins
405 1216 522 1299 primus
545 1216 652 1281 auctor
666 1215 836 1283 Menander
858 1217 980 1294 citatur,
1004 1235 1112 1282 recen·
1177 1216 1181 1224 “

50 1321 159 1386 tissimi
182 1321 318 1388 editores
341 1323 548 1389 coniecturam
570 1321 690 1387 Yremii
717 1323 816 1388 secuti
838 1323 883 1390 sic
904 1323 1111 1404 scripserunt:

144 1445 214 1522 alc3
238 1449 270 1512 εἰ
291 1439 402 1514 πόνου
422 1471 484 1532 μοι
507 1441 682 1530 ξυλλάβοι,
704 1446 881 1534 χαίροιμεν
903 1443 955 1513 άν.

54 1571 161 1640 Sedet
183 1575 244 1640 alia
266 1575 419 1652 omittam,
442 1582 473 1642 et
495 1569 619 1665 ξολάβι
642 1576 887 1659 improbabiliter
902 1577 934 1641 in
950 1566 1111 1661 ξυλλάβοι

55 1682 190 1755 mutatur,
214 1700 270 1746 nec
292 1681 488 1766 intelligitur,
511 1684 772 1765 quemadmodum
792 1684 849 1772 Ιοσ
866 1684 973 1750 statim
989 1684 1111 1749 feminae

21 1813 22 1820 υ
53 1784 130 1851 illius
150 1787 264 1872 ignotae
286 1790 432 1854 auxilium
455 1808 576 1872 sperare
601 1791 710 1872 possit.
765 1790 805 1854 Et
827 1789 866 1854 ad
896 1789 1029 1874 vestigia
1059 1809 1110 1855 co·
1219 1845 1221 1854 s

55 1891 146 1956 dicum
178 1892 276 1960 multo
309 1894 434 1976 propius
467 1895 650 1962 accedemus
681 1901 712 1963 et
739 1897 899 1962 rectiorem
923 1896 1112 1961 sententiam

51 1997 221 2078 clidemus,
243 1999 270 2063 ai
293 2001 585 2083 descripserimus:

142 2105 213 2186 τίςς
237 2098 318 2172 εἶπ’
341 2108 416 2192 ἐμοὶ
438 2103 584 2192 ξάλλσιβὲ
605 2134 654 2184 σε,
677 2108 745 2173 κοιλ
767 2108 945 2195 χαίροιμεν
966 2103 1019 2174 άν.

55 2207 213 2277 siderea
245 2213 376 2278 alteram
408 2199 494 2278 illam
528 2212 674 2280 feminam
708 2214 887 2280 indicaverit
920 2216 952 2279 et
986 2231 1110 2296 operam

49 2333 130 2382 suam
151 2319 356 2401 spoponderit,
380 2321 451 2384 voto
474 2339 506 2384 sc
528 2321 700 2401 pet'tnrum
724 2322 778 2386 Ion
802 2321 914 2403 sperat.

189 2460 252 2522 374
274 2477 358 2544 sqq.:

141 2567 188 2650 εἰς
209 2561 275 2652 γάρ
299 2568 463 2632 τοσοῦτον
481 2561 639 2649 albedine
661 2569 830 2651 ἔλθοιμεν
851 2562 906 2640 do,

141 2677 171 2738 εἰ
192 2667 274 2745 eoric
296 2673 405 2747 θεούς
427 2670 572 2746 άιισνσας
595 2668 833 2759 ἐκπονήσομεν

142 2773 282 2862 φράζειν
305 2776 329 2846 ά
349 2774 399 2864 μή
422 2785 585 2848 θέλουσιν
608 2805 636 2846 ιι.
659 2807 687 2847 a.
712 2782 739 2848 λ.
800 2847 801 2850 ,

54 2877 131 2946 Nihil
162 2885 254 2951 babet
284 2887 317 2950 'in
351 2888 570 2970 superioribus,
599 2907 659 2970 quo
686 2886 844 2964 referatur,
868 2885 1035 2952 σοοοῦσον
1057 2891 1107 2963 (eo

53 2996 167 3070 usque);
197 2993 252 3058 aut
280 2995 385 3075 aperta
407 2998 439 3058 et
466 2994 583 3060 directa
605 3013 734 3059 summae
756 2993 899 3059 stultitia
921 2992 1106 3076 significatio

21 3159 22 3166 χ
54 3094 208 3174 requiritur
230 3101 336 3180 (quarn
361 3100 538 3166 Badhamus
566 3102 741 3167 coniectura
767 3117 891 3182 prorsus
920 3116 939 3162 a
966 3097 1106 3182 vestigiis

55 3199 182 3267 codicum
216 3204 378 3270 recedente
415 3206 535 3272 efficere
565 3209 693 3272 conatus
726 3209 785 3289 est)
819 3206 873 3269 aut
905 3205 1107 3290 interrogatio

54 3301 123 3369 idem
147 3309 339 3393 significans3
362 3332 398 3377 ea
419 3313 620 3398 interrogatio
642 3312 754 3378 leniter
775 3311 851 3376 satis
873 3310 1022 3376 efficitur:
1058 3319 1060 3329 ’

57 3407 59 3410 ¹
140 3418 188 3489 εἷς
208 3411 273 3503 γάρ
297 3411 429 3486 πόσον
451 3412 560 3486 τοῦτ’
583 3411 742 3504 άμαθίσις
764 3420 932 3502 ἔλθοιμεν
954 3414 1009 3494 άν,

140 3547 166 3586 οι
189 3551 250 3602 -3

53 3617 262 3712 interrogativo
298 3632 469 3712 pronomini
505 3631 685 3717 adiungitur
722 3631 994 3697 demonstrativum
1030 3632 1104 3698 noto

53 3742 116 3792 usu:
137 3736 251 3816 quanta
273 3736 338 3802 baec
362 3744 443 3804 esset
466 3739 605 3804 stultitia·
621 3741 684 3802 -l
718 3739 804 3822 Synt,
828 3739 924 3804 Graec.
948 3740 967 3820 ξ
993 3737 1054 3801 100
1076 3738 1106 3805 b.

186 3875 263 3940 554:
379 3905 386 3912 ·

139 3983 207 4050 Ill.
247 3976 341 4050 τοῦτ’
375 3978 472 4052 ἐκεῖν’
505 3977 550 4051 ἵν’
582 3977 785 4072 ἐσπάρημεν.
822 3985 895 4060 ΜΟ.
929 3978 1120 4071 ὁπόσμοσ

756 4092 905 4178 ἐξηῦρεν,
929 4096 1056 4159 σε’κνον.
