2712 4576
430 267 570 324 Ciceronis
589 267 737 324 orationes.
1014 268 1074 332 115

67 465 176 546 uem>
192 461 343 531 Veneri
364 465 561 549 absolvit,
584 466 664 532 sibi
686 466 932 533 condemnat.
956 465 1118 553 Significat

18 642 23 681 Ι
66 569 180 636 Diouem
214 591 233 636 a
262 571 370 638 Naerio
403 572 582 638 accusatum
615 574 647 638 et
678 573 902 640 absolutionem
936 575 1067 658 pecunia
1099 594 1118 640 a

18 688 23 778 p
65 675 145 743 Verre
166 696 267 743 emere
290 677 432 744 eoactum
454 697 530 744 esse.

149 808 228 872 Ibid.
251 808 311 871 31:
343 807 376 872 si
397 825 490 873 voro
511 806 617 872 illud
639 826 795 893 quoque
816 808 993 886 aceedit,
1013 809 1058 874 ut
1079 807 1117 872 in

67 933 99 979 ea
115 915 234 980 verbe
255 915 403 996 praetor
424 913 622 980 iudicium
645 914 730 995 det,
746 914 916 981 utvelL.
933 913 1117 981 Octavius

18 1002 23 1111 ᾗ
66 1020 342 1088 Balbusiudex
364 1065 497 1083 .....
520 1021 1116 1104 nonpossitaliteriudioare;

19 1114 23 1200 ξ’
66 1127 90 1190 si
108 1126 302 1193 iudicium
330 1125 386 1192 sit
416 1126 633 1192 eiusmodi:
664 1126 699 1191 L.
722 1126 916 1194 Octavius
939 1171 1106 1190 ······
1110 1171 1118 1198 ,

19 1237 24 1315 Ι
66 1252 127 1298 uon
162 1250 327 1300 necesse
366 1234 446 1299 erit
477 1235 536 1300 cet.
562 1271 564 1276 ·
595 1234 733 1318 Apparet
753 1239 874 1302 serrato
898 1235 929 1298 in
957 1232 1118 1319 geminata

19 1320 23 1417 i
65 1339 199 1418 particule
227 1342 262 1406 si
291 1339 399 1406 eodem
429 1341 515 1406 verbi
542 1339 635 1406 modo
665 1337 861 1407 scribendum
883 1359 966 1408 esse:
999 1340 1032 1405 si
1054 1339 1118 1402 iu-

19 1451 20 1456 ’
67 1445 200 1511 dicium
232 1448 265 1513 st
297 1447 511 1525 eiusmodi3
544 1446 682 1530 alioquin
713 1446 818 1513 Cicero
851 1447 1043 1530 scripsisset:
1077 1450 1119 1510 ut

66 1552 246 1620 iudicium
283 1553 339 1618 sit
375 1553 582 1619 eiusmodi.
647 1550 736 1618 Idem
772 1554 918 1619 mendum
955 1552 1116 1635 permultis

19 1703 20 1718 ,
66 1658 129 1726 loeis
149 1659 316 1736 correxi.*)

19 1808 24 1841 ¹
149 1798 1118 1885 Ibid.III‚65(deAprouio):ut,quieumviverenemo

19 1848 25 1943 ἶ
66 1925 232 1992 umquam
261 1907 341 1972 uisi
369 1907 504 1989 turpis
531 1906 794 1990 impurusque
823 1907 1043 1985 uoluisset,
1072 1906 1119 1972 ad

20 2023 21 2027 ’
67 2013 137 2080 eius
165 2013 397 2081 convivium
423 2011 730 2097 spectatissimi
759 2013 880 2097 atque
909 2013 1119 2079 honestis·

17 2189 18 2192 Ἴ
67 2120 145 2186 simi
166 2121 245 2185 viri
266 2121 515 2185 tenerentur.
566 2118 618 2184 Sic
647 2119 793 2186 Halmius
815 2139 832 2184 e
854 2120 958 2185 codice
980 2120 1055 2204 Lag.
1077 2120 1118 2182 42

68 2229 136 2312 etp
165 2226 371 2309 (Febriciauo)
400 2225 525 2309 scripsit
557 2242 612 2307 pro
645 2242 691 2304 eo,
714 2224 795 2309 quod
825 2228 917 2290 autea
945 2244 981 2290 er
1010 2225 1119 2290 ceteris

19 2345 24 2393 t
67 2331 214 2400 edebatur:
249 2348 414 2411 quocum
435 2331 539 2397 inire
568 2330 939 2397 conviviumnemo.
983 2332 1121 2414 Apparet

19 2398 25 2517 i
67 2456 120 2504 eom
142 2440 213 2504 uitee
237 2439 424 2522 quotidiauae
453 2437 707 2517 coniunctionem,
730 2456 797 2520 quae
822 2437 1020 2522 significetur,
1048 2454 1120 2502 eum

67 2545 153 2612 uivere
175 2565 247 2612 cum
263 2544 373 2629 -aliquo
403 2545 551 2622 dicamur,
580 2545 631 2609 hie
660 2563 679 2609 a
706 2543 849 2611 Cicerone
871 2543 1039 2630 significari
1060 2561 1121 2610 non

20 2684 24 2735 p
67 2653 199 2730 potuisse,
223 2652 278 2717 sed
301 2670 372 2717 cum
393 2651 492 2735 ipsius
514 2647 646 2716 convivii
667 2651 813 2717 societate
839 2651 1009 2736 comparari
1031 2650 1120 2735 louge

17 2742 24 2764 '¹
68 2757 247 2825 humiliorem
280 2774 384 2822 eorum
417 2756 641 2833 condicionem,
677 2756 730 2840 qui
765 2757 953 2850 spect-atores
989 2756 1119 2824 convivii

19 2953 20 2957 ,
68 2949 286 2960 ——.--.

18 3039 23 3126 d
112 3085 136 3153 *)
153 3085 223 3139 Ibid.
243 3084 278 3139 54
297 3085 389 3139 omnio
405 3091 481 3139 recte
500 3085 528 3138 in
546 3083 651 3139 Baiteri
670 3091 700 3139 et
716 3084 832 3154 Kayseri
858 3089 981 3156 exemplo
999 3089 1039 3143 ita
1058 3090 1122 3144 scri-

17 3185 19 3194 ‘
153 3178 257 3232 buntur
284 3183 315 3230 ut
341 3177 369 3230 iu
398 3177 510 3246 optimis
538 3177 678 3232 codicibus
705 3178 801 3247 (Lagg.
819 3179 854 3233 29
873 3186 901 3233 et
918 3179 964 3246 42)
992 3197 1009 3235 a
1034 3183 1126 3250 prima

17 3197 20 3384 ἲ
155 3287 239 3325 mauu
259 3275 287 3324 et
305 3269 333 3323 in
352 3270 421 3337 aliis,
437 3271 490 3324 nisi
504 3270 577 3338 quod
590 3270 709 3325 editores
721 3270 811 3326 mendi
823 3277 916 3326 uotam
929 3279 1125 3342 apposuerunt.

156 3364 251 3418 Cicero
280 3361 417 3430 siguificat
433 3363 557 3432 Verrem,
585 3370 695 3418 cautum
720 3363 866 3431 hominem,
892 3380 927 3419 ne
952 3364 1005 3418 sibi
1029 3365 1126 3432 praeda

156 3457 248 3524 aliquo
277 3471 344 3510 casu
371 3472 386 3510 e
413 3472 495 3510 manu
523 3457 687 3525 elaberetur,
707 3458 800 3512 stetim
825 3473 943 3524 curasse,
970 3463 1001 3511 ut
1019 3456 1125 3527 aliquid

154 3563 279 3618 praesens
298 3554 326 3604 et
344 3555 516 3610 numeratum
530 3549 654 3604 haberet.
696 3548 711 3619 ξ
730 3549 782 3605 176
800 3556 874 3606 recte
896 3552 1039 3606 Ernestius
1056 3552 1126 3607 vidit

158 3640 332 3696 scribendum
349 3657 423 3698 esse:
451 3647 579 3697 tantum
605 3643 684 3697 mihi
710 3643 794 3699 licet
820 3645 941 3712 dicere,
967 3651 1124 3711 quantum

156 3731 257 3804 possim
270 3736 330 3804 (pro
343 3737 497 3802 possum),
516 3741 645 3789 tentum
657 3735 761 3790 iudici
775 3737 953 3806 suspicari,
966 3746 1123 3806 quantum

156 3828 253 3896 velit,
272 3832 380 3883 servato
399 3827 427 3881 in
446 3827 574 3882 membris
592 3828 663 3882 inter
682 3844 711 3884 se
729 3829 824 3885 relatis
837 3830 933 3885 eodem
945 3832 1022 3886 verbi
1033 3831 1123 3887 modo.

156 3921 188 3974 In
212 3921 226 3990 ᾖ
252 3921 303 3976 180
326 3919 553 3988 quemadmodum
578 3918 666 3974 oratio
693 3918 885 3990 distinguenda
910 3928 991 3990 esset,
1017 3922 1071 3976 dixi
1094 3923 1123 3976 in

156 4015 208 4083 Ep.
233 4015 269 4068 ad
292 4013 374 4068 Orell.
397 4029 423 4082 p.
449 4013 492 4080 90,
520 4011 555 4067 ad
583 4027 662 4078 quam
691 4012 903 4069 admonitionem
931 4016 954 4069 si
982 4015 1122 4082 Kayserus

158 4107 328 4174 attendisset,
346 4105 454 4160 inanem
474 4103 654 4174 suspicionem
674 4106 817 4161 omisisset

876 4187 922 4260 B,
