2728 4582
273 259 314 324 m
648 259 889 331 mmmm

232 456 380 534 tamen,
425 462 467 525 ιιι
505 463 598 527 aute
635 460 735 537 dixi,
779 476 851 524 non
889 456 1028 536 eiicio;
1074 459 1137 522 est
1180 454 1295 532 enim,

234 561 401 630 etiamsi
441 567 572 633 minus
617 564 896 632 necessarium
939 562 986 627 ad
1022 564 1122 628 bene
1162 560 1296 628 dioen-

234 666 343 749 dnm,
376 670 509 738 tamen
541 675 587 738 ad
620 669 945 757 cognoscendum
973 687 1048 734 non
1078 667 1295 735 illiberale.

233 774 283 839 ue
315 779 560 844 exercitatio
594 777 770 864 quaedam
804 775 1069 859 suscipienda
1099 776 1209 842 vobis
1239 778 1298 840 est

233 882 292 947 oet.
340 885 480 968 Apparet
511 884 579 965 hoc,
613 888 694 971 quod
729 885 768 951 de
803 883 1020 951 exercitatione
1050 881 1173 962 dicitur,
1204 899 1297 964 neque

232 991 314 1056 recte
334 993 485 1073 particula
508 995 546 1058 et
566 992 704 1078 adiungi,
733 990 815 1075 quod
843 990 907 1058 iam
933 990 987 1056 alii
1010 991 1179 1065 senserunt,
1201 1006 1297 1071 neque

233 1094 310 1161 satis
342 1099 526 1182 respondere
557 1099 775 1183 superioribus,
808 1099 838 1162 iu
870 1096 982 1180 quibus
1012 1094 1050 1161 de
1077 1097 1141 1161 toto
1171 1092 1297 1160 artificio

233 1201 277 1267 sio
298 1202 422 1279 dicitur,
450 1205 487 1270 ut
512 1205 563 1272 hio
585 1209 616 1272 ot
636 1205 859 1289 praeceptorum
882 1204 915 1268 et
936 1201 1164 1268 exercitationis
1183 1201 1296 1266 mentio

233 1312 433 1390 exspectetur.
489 1310 587 1377 Valde
609 1313 747 1395 suspicor
768 1313 862 1378 verba
883 1308 1026 1394 quaedam
1048 1309 1206 1386 excidisse,
1229 1326 1296 1373 cnm

232 1411 337 1480 Cicero
359 1416 399 1481 ad
421 1417 499 1483 banc
519 1418 650 1484 formam
672 1419 861 1502 scripsisset:
897 1456 931 1466 —-
969 1436 1042 1484 uon
1074 1414 1295 1481 illiberale.

232 1523 417 1607 <ltaque
440 1523 480 1588 et
499 1526 698 1608 praeopta
720 1526 1029 1607 tractanda>et
1050 1520 1297 1589 exercitatio
1344 1553 1345 1572 ι

232 1628 408 1710 quaedam
442 1631 706 1714 suscipienda
738 1631 854 1698 vobis
877 1632 949 1696 ost.
1013 1631 1058 1694 De
1089 1629 1167 1711 ipsis
1198 1624 1296 1694 uerbis

232 1733 311 1798 nibil
332 1753 381 1800 me
403 1735 555 1802 affirmare
576 1757 636 1804 non
660 1740 708 1804 ost
729 1757 804 1822 opus
826 1739 935 1814 dicio

331 1859 411 1925 Ibid.
451 1861 527 1925 198:
570 1863 717 1946 Itaque
752 1865 795 1928 nt
830 1863 933 1944 apud
970 1861 1127 1927 Graeoos
1163 1854 1296 1922 infimi

230 1963 416 2032 homines
445 2012 484 2030 ..
514 1968 734 2034 ministros
767 1987 807 2034 se
840 1969 1021 2051 praebent
1052 1968 1091 2032 in
1125 1963 1296 2031 iudiciis

285 2237 312 2306 *)
331 2237 408 2304 Quod
434 2239 513 2294 initio
540 2241 621 2296 huius
649 2240 735 2296 libelli
764 2239 820 2293 dixi
838 2255 881 2294 me
901 2239 1048 2308 aliquoties
1066 2239 1095 2292 in
1114 2235 1295 2293 Ciceronianis
1343 2293 1344 2300 χ

330 2334 448 2388 maxime
473 2334 709 2389 emendationibus
736 2332 880 2401 facturum,
908 2340 939 2387 ut
957 2332 1150 2388 admonitionis
1169 2346 1253 2386 causa
1269 2329 1295 2382 in

332 2427 454 2495 margine
473 2427 675 2497 interponerem
693 2427 899 2494 correctionem,
918 2443 1000 2495 qnam
1019 2443 1080 2480 oum
1092 2427 1152 2495 ipse
1164 2424 1294 2489 iecissem,

331 2523 429 2588 postea
456 2520 491 2573 ab
519 2520 582 2574 aliis
610 2527 780 2591 occupatam,
808 2519 857 2576 sed
884 2537 902 2574 a
928 2519 1125 2575 recentissimis
1148 2517 1294 2574 editoribus

331 2611 485 2680 neglectam
502 2613 695 2682 repperissem,
712 2614 770 2668 eius
784 2614 825 2668 rei
844 2614 997 2683 exemplum
1016 2614 1109 2668 statim
1126 2612 1172 2666 hic
1190 2625 1293 2681 ponam.

331 2702 401 2757 Nam
426 2705 459 2759 de
478 2704 525 2759 lib.
544 2705 566 2772 l,
591 2706 642 2761 134
667 2707 728 2761 baec
756 2708 932 2777 scripseram:
963 2707 1131 2776 „studium
1152 2711 1185 2759 et
1204 2702 1293 2760 ardo·
1342 2735 1343 2742 ι

332 2812 399 2851 rem
426 2798 590 2867 quendam
617 2801 754 2868 amorio,
784 2802 858 2856 sine
887 2816 952 2870 quo
977 2816 1048 2854 oum
1066 2799 1100 2853 in
1119 2798 1191 2852 vita
1209 2794 1293 2850 nihil

332 2889 512 2958 quidquam
538 2893 725 2961 egregium,
752 2900 819 2948 tum
847 2901 940 2949 certe
968 2895 1040 2962 boc,
1069 2888 1160 2961 quod
1186 2897 1222 2945 tu
1247 2905 1293 2944 ex·

330 2982 434 3050 petis,
452 3001 546 3040 nemo
565 3002 718 3054 umquam
737 2993 952 3058 assequetur.
991 2987 1105 3041 Etiamsi
1122 2985 1188 3041 ferri
1205 2989 1294 3054 posset

331 3076 405 3146 apud
424 3077 582 3133 Ciceronem
610 3080 696 3135 nihil
723 3081 901 3150 quidquam
917 3097 967 3150 pro
987 3081 1074 3135 nihil
1092 3081 1146 3134 hoc
1164 3095 1218 3132 uno
1237 3076 1293 3130 loco

330 3169 458 3236 positum,
487 3177 578 3228 tamen
602 3173 701 3228 vitiose
721 3174 756 3229 ad
773 3174 850 3244 prius
868 3175 1017 3229 membrum
1037 3190 1071 3229 ex
1089 3171 1219 3227 inferiore
1237 3169 1292 3223 loco
1341 3209 1342 3250 ἡ

332 3262 371 3317 sic
398 3266 584 3320 retraheretur
610 3283 718 3333 nemo,
746 3274 777 3321 ut
798 3285 832 3322 ex
851 3283 882 3323 eo
900 3267 1099 3335 intelligeretur
1117 3266 1292 3334 quisquam

330 3356 373 3421 (-
393 3356 473 3426 longe
500 3359 570 3413 enim
598 3359 686 3428 aliter,
712 3359 885 3428 praecedente
912 3377 1018 3429 nemo,
1046 3365 1110 3429 post
1136 3357 1292 3424 intelligitur

329 3449 405 3503 notio
425 3449 587 3506 affirmativa
606 3453 660 3521 —),
679 3469 740 3508 cum
758 3454 912 3523 praesertim
931 3461 990 3508 tota
1008 3454 1141 3509 orationis
1161 3455 1291 3506 structura

330 3542 457 3597 ostendat
469 3541 626 3599 Ciceronem
645 3561 724 3599 suum
743 3548 851 3615 utrique
870 3547 991 3602 membro
1011 3547 1164 3602 subiectum
1182 3542 1290 3602 dedisse,

329 3634 422 3702 priori,
441 3635 513 3703 quod
532 3637 668 3692 obiectum
682 3639 769 3693 habet
782 3656 895 3709 negans,
911 3640 1110 3706 affirmativum,
1123 3638 1211 3703 alteri,
1223 3629 1290 3705 quod

330 3725 468 3780 obiectum
494 3728 578 3783 habet
606 3730 804 3802 affirmativum,
830 3750 947 3804 negans:
976 3735 1047 3789 sine
1076 3749 1140 3803 quo
1168 3746 1236 3786 cum
1261 3728 1289 3779 i11

330 3817 523 3889 vitafflnibil
560 3820 739 3894 quisquam
770 3828 957 3896 egregium,
993 3833 1061 3881 tum
1097 3831 1193 3880 certe
1226 3821 1288 3882 boo

331 3912 421 3980 quod
439 3920 474 3967 tu
492 3915 638 3984 expetis,
656 3933 753 3972 nemo
773 3935 928 3987 umquam
947 3916 1181 3987 assequetur.“
1216 3915 1288 3969 Nunc

330 4004 502 4076 alSiesbyeo
536 4008 685 4064 admoneor
712 4012 825 4067 eandem
852 4012 1069 4067 emendationem
1098 4013 1133 4066 ab
1163 4006 1286 4065 Huldrico

226 4097 274 4169 ff!
330 4097 732 4172 apudlorellium,!deiude1ab
751 4104 843 4173 Ieepio
862 4103 963 4159 factam
981 4119 1050 4160 esse.
