2728 4582
266 281 305 344 68
634 283 693 337 Lib.
712 283 734 338 Ι.
754 283 818 353 Cep.
838 283 885 338 IV.

321 479 355 544 P.
367 479 428 542 466
444 497 472 546 s.
510 479 546 543 In
562 479 735 562 fragmento
750 499 785 544 ex
800 479 957 546 Thebaide
974 477 1090 563 cyclica
1103 480 1288 563 deprompto

223 585 357 668 Oedipus
379 585 491 651 dicitur
513 584 594 649 diras
616 585 688 650 filiis
711 585 899 667 imprecatus
929 604 995 650 esse
1028 586 1288 668 vaticinatusque:

306 713 351 788 ώς
373 711 413 779 οὔ
436 719 467 780 οἱ
490 709 653 801 πατρώαν
674 717 727 798 εἴη
750 707 903 800 φιλότητι
1019 755 1022 762 =

283 815 490 897 ’δόσσαιντζ
513 815 733 908 ἀμφοτέροισι
757 817 787 886 δ’
810 829 857 889 ἔοι
887 814 1033 904 πόλεμοί
1055 845 1092 886 ss
1113 816 1221 908 μα’χαι
1244 846 1289 887 cs.

322 950 462 1016 Primum
484 953 609 1018 subesse
631 944 777 1036 surpuit'
804 949 867 1035 (vel
897 951 999 1034 potius
1032 969 1103 1016 cum
1137 948 1293 1015 Meinelrio

222 1052 263 1122 cci
287 1049 447 1142 πατρώι’)
476 1061 558 1122 recte
592 1057 782 1123 intellectum
817 1058 880 1137 est;
914 1054 969 1123 sed
1002 1059 1081 1139 quod
1114 1056 1293 1121 Hermanno

223 1164 348 1229 auctore
379 1182 461 1229 nuuc
492 1163 593 1228 editur
625 1163 739 1252 ἐνηείῃ
773 1159 962 1250 φιλόπονος,
997 1181 1096 1247 neque
1127 1163 1199 1244 epte
1219 1179 1294 1227 con-

221 1269 359 1352 iungitur
390 1269 504 1357 ἐνηείῃ
536 1263 717 1356 φιλότητος
746 1274 808 1347 (est
835 1271 918 1336 euim
946 1288 1070 1354 prorsus
1091 1267 1174 1332 idem
1197 1267 1294 1350 atque

223 1369 392 1460 φιλότητι)
425 1377 457 1440 et
488 1376 632 1442 audacter
665 1397 703 1442 ex
726 1374 880 1463 φιλότητι
903 1379 940 1443 fit
961 1369 1154 1462 φιλότητος.
1210 1373 1293 1438 Sori-

221 1482 356 1548 bendum
378 1482 460 1546 eret:
1111 1559 1134 1574 .„

306 1583 350 1662 ώς
372 1585 413 1655 οὔ
435 1593 468 1654 οἱ
488 1584 531 1654 τώ
554 1581 697 1674 πατρώι’
719 1596 763 1656 ἐν
784 1581 882 1679 peip
902 1582 1065 1675 φιλότητι,

222 1697 310 1778 grets
341 1695 481 1772 caritate,
504 1714 573 1761 cum
597 1696 674 1762 bone
696 1697 807 1780 gretie.
863 1696 1017 1761 Tenemus
1051 1695 1133 1759 enim
1162 1693 1214 1756 hic
1237 1691 1294 1755 ed-

222 1801 334 1879 iectivi‚
356 1800 437 1885 quod
459 1804 507 1868 est
529 1795 601 1886 η’ός,
624 1803 753 1868 sormam
777 1804 967 1881 femininam,
991 1803 1077 1867 cuius
1099 1799 1194 1864 etiem
1216 1797 1294 1863 alibi

222 1909 353 1992 vestigia
375 1909 502 1974 obscura
523 1908 646 1988 sunt.*)

321 2060 357 2127 P.
370 2060 431 2123 478
443 2077 477 2123 a:
501 2054 706 2147 Νικόμαχος
720 2053 750 2126 δ’
762 2066 798 2126 ἐν
810 2056 930 2147 πρώτῳ
944 2061 1021 2144 περὶ
1041 2060 1166 2142 deperio
1179 2061 1294 2146 Αἰγα-

222 2165 333 2233 πσιάν
364 2165 455 2252 φησί·
495 2163 543 2231 Τό
573 2166 607 2232 δὲ
638 2160 742 2233 νόνόο
769 2168 837 2232 ἐστὶ
867 2169 933 2252 μὲν
963 2159 1147 2252 Περσικόν,
1169 2159 1236 2249 τήν
1258 2165 1295 2230 δὲ

224 2267 332 2360 α’ρχήν
360 2269 405 2360 ἢν
428 2270 633 2361 Ἕρμιππος
662 2267 905 2364 α’σορολογιιιός
933 2267 978 2347 ώς
1007 2266 1026 2339 ό
1052 2268 1178 2360 κόσμος
1199 2277 1233 2348 ἐξ
1255 2260 1301 2338 οὗ
1354 2357 1355 2362 ¹

223 2381 290 2445 τών
324 2381 418 2447 θεῶν
449 2373 492 2446 τό
529 2376 698 2465 θαύματα
732 2382 789 2448 καὶ
824 2377 867 2447 τώ
898 2374 1100 2465 καρπώσιμα
1133 2380 1297 2466 γίνεσθαι
1354 2369 1355 2418 i

224 2487 279 2554 ἐπὶ
302 2487 374 2574 γῆς·
397 2483 449 2555 διό
472 2492 507 2554 ἐν
529 2480 656 2555 ιοόοον
679 2489 899 2556 σπένδεσθαι.
946 2488 1015 2554 utri
1041 2487 1134 2553 verba
1156 2486 1195 2551 ad
1221 2487 1298 2552 reli·

223 2593 328 2676 gisnes
363 2594 395 2658 et
433 2595 591 2677 opiniones
625 2595 824 2679 AEgyptieces
858 2594 1042 2677 pertinentis
1074 2591 1245 2658 ioedissime
1278 2614 1298 2658 a

224 2699 357 2764 librariis
391 2701 516 2765 confusa
548 2699 638 2782 plene
672 2701 832 2766 rest'tuore
866 2717 992 2783 nequeo,
1029 2699 1151 2763 tantum
1187 2700 1297 2764 temen

223 2805 321 2880 video,
341 2824 401 2875 non
423 2805 527 2870 nescio
549 2824 640 2888 quem
665 2803 870 2886 Hermippum
898 2823 917 2869 a
943 2803 1129 2882 Nicomacho
1155 2806 1296 2871 uomina·

222 2913 290 2975 tum
313 2929 387 2983 esse.
411 2911 464 2976 sed
488 2911 667 2993 expositum,
700 2910 733 2976 id
758 2927 879 2988 nomen,
907 2910 991 2993 quod
1019 2930 1100 2976 nunc
1123 2911 1160 2977 de
1182 2913 1296 2995 poculo

223 3019 395 3100 usurpetur,
417 3016 507 3082 initio
530 3015 569 3082 ed
599 3035 663 3082 rem
693 3017 831 3100 aliquem
854 3017 1010 3083 caelestom
1039 3035 1109 3083 oum
1139 3018 1296 3085 Mercurio

223 3125 366 3208 (Herma)
399 3124 591 3188 coniunctam
623 3124 816 3206 pertinuisse.
875 3124 985 3207 Itaque
1022 3142 1058 3189 eu
1086 3119 1297 3211 Ἕρμιππος

99 3297 107 3309 ‚
222 3229 397 3296 faciendum
433 3235 479 3294 est
514 3225 678 3314 Ἑρμοῦ
715 3230 747 3296 et
782 3230 968 3296 substantivi
1003 3229 1221 3310 nominativus,
1258 3235 1295 3297 ut
1352 3255 1353 3260 ¹

223 3337 339 3419 opinor,
361 3338 415 3402 eut
439 3334 556 3411 οἶκος
577 3341 631 3402 sut
652 3335 755 3418 potius
777 3327 918 3415 ἰπνός,
952 3339 1035 3402 totus
1067 3343 1172 3403 eutem
1205 3337 1294 3404 locus

223 3441 261 3506 ad
276 3440 356 3508 hanc
370 3443 432 3508 fore
447 3444 577 3510 formem
593 3441 787 3509 scribendus:
811 3438 876 3528 τήν
891 3442 926 3508 δὲ
942 3432 1050 3530 α’ρχήν
1064 3433 1113 3529 ἦν
1134 3436 1201 3530 Ἑρ
1209 3448 1294 3530 prod

223 3542 350 3622 ἰπνός
379 3543 620 3638 α’σορολογιιιός
652 3550 940 3635 σωσίιιοσμος,
974 3553 1007 3626 ἐξ
1034 3537 1079 3615 οὖ
1109 3543 1193 3616 ώπό
1226 3552 1295 3618 τών

222 3655 318 3722 deuio
338 3649 380 3721 νώ
403 3649 570 3740 θαύματα
595 3657 650 3723 sat
672 3652 714 3723 πώ
737 3650 941 3742 καρπώσιμα
961 3657 1123 3744 γίνεσθαι
1146 3658 1203 3724 ἐπὶ
1217 3659 1289 3745 γῆς.

223 3827 456 3836 ῃ--η-

275 3924 303 3993 *)
320 3924 352 3978 Ρ.
363 3924 415 3980 783
430 3924 448 3979 (1
466 3924 557 3992 (Dind.
576 3942 603 3995 p.
623 3923 703 3994 1040)
722 3941 788 3982 scr:
806 3930 929 3981 καλεῖται
947 3923 998 3996 μὲν
1017 3923 1088 3982 οὕτω
1107 3927 1189 3993 πόσις
1206 3917 1258 3993 τις,
1277 3925 1294 3997 ἦ

311 4018 414 4110 ,(νιιίρο
433 4012 478 4086 ἣν)
497 4015 570 4073 ἔστιν
588 4015 721 4074 ἀπνευστὶ
739 4021 829 4074 πίνειν
847 4017 885 4090 μὴ
903 4019 1037 4089 μύσαντα,
1056 4036 1117 4091 quse
1136 4025 1246 4077 constat
1265 4022 1293 4076 in
1350 4071 1351 4080 ,

322 4126 364 4180 eo,
383 4117 483 4167 utcet.
