2728 4582
529 238 688 294 Athenaeno.
1062 239 1102 302 69

33 417 35 454 ί
85 431 137 496 Pro
157 425 323 517 θαύματα
347 432 433 500 eliud
457 434 655 517 querendum
678 437 726 500 est
748 436 873 518 propius
896 453 967 501 oum
990 435 1144 519 frugiferis

84 539 269 606 coniunctum
292 535 346 620 (τά
371 535 500 626 ἰάματα
511 543 548 616 Ρ).
560 541 591 617 *)

173 728 208 795 Ρ.
222 731 284 794 510
296 732 331 796 b:
354 725 426 797 ἄλλ’
449 733 521 798 ἐπεὶ
539 724 634 796 πάνυ
648 731 799 815 λιπαρῶς
813 724 905 816 η’μῦς
920 723 1077 805 α’παιτεῖς
1090 733 1143 798 καί

81 829 137 899 τόν
167 838 246 920 περὶ
283 839 350 904 τῶν
383 840 439 905 ἐπί
469 838 581 926 τρυφῇ
611 829 804 924 διαβοήτων
825 843 1020 923 γενομένων
1042 831 1144 925 λόγον

82 943 128 1008 καί
160 944 222 1029 τῆς
253 939 384 1011 τοῦτων
416 939 647 1030 ἡδυπαθείας.
708 946 787 1009 Ante
823 943 908 1027 prius
945 945 1002 1008 καί
1033 945 1145 1011 excidit

81 1041 295 1126 α’ποδάοω,
324 1051 419 1124 ooulo,
442 1051 629 1130 muitetur,
652 1048 772 1115 librarii
794 1050 952 1116 aberrante
973 1052 1004 1115 iu
1026 1050 1144 1116 duabus

80 1156 197 1221 vocibus
220 1158 259 1222 ub
281 1158 396 1224 litteris
419 1151 469 1224 άπ
490 1155 774 1240 incipientibus.**l

172 1347 209 1414 P.
222 1347 284 1410 519
296 1365 313 1412 e
325 1348 391 1424 (ubi
402 1347 504 1430 agitur
516 1347 553 1410 do
565 1345 677 1424 nausis,
690 1364 758 1428 quoe
771 1345 980 1429 Sybaritarum
994 1346 1143 1411 luxuriam

78 1454 247 1530 auxerint):
268 1457 370 1520 Δοκεῖ
391 1455 425 1520 δὲ
452 1447 542 1539 μετά
572 1453 635 1537 τῆς
662 1447 884 1533 εὐδαιμονίας
913 1443 1027 1518 αῦτῦν
1055 1449 1143 1518 εἶναι

78 1554 149 1624 ὅτε
176 1560 241 1644 τῆς
269 1555 390 1646 χώρας,
423 1553 586 1646 α’λιμίνου
619 1559 680 1643 τῆς
712 1553 891 1644 θαλάσσης
926 1553 1145 1645 παρηκούσης

78 1667 126 1731 καί
163 1666 233 1731 τῶν
267 1668 406 1754 καρπῦν
439 1661 558 1752 σχειλόν
590 1661 754 1731 ἁπάντων
785 1661 854 1732 uino
891 1667 960 1732 τῦν
995 1669 1146 1735 πολιτῦν

23 1805 24 1814 ¹
78 1776 428 1859 καταναλισκομένων,
452 1769 469 1838 ὅ
493 1797 529 1838 τε
552 1772 615 1857 τη”ς
637 1767 768 1848 πόλεως
789 1768 909 1849 τόπος,
932 1775 987 1840 καί
1008 1769 1027 1840 ῦ
1050 1772 1143 1862 παρά

77 1881 133 1946 τοῦ
165 1881 258 1947 θεοῦ
293 1875 443 1968 χρησμὸς
477 1879 735 1963 συμπαροξῦναι
770 1875 904 1954 πάντας
940 1883 1143 1967 ἐκτρυφῆσαι

78 2011 103 2050 κ.
125 2014 155 2054 ε.
179 1991 211 2053 λ.
264 1988 355 2053 Nihil
388 2005 464 2070 opus
497 1994 545 2052 est
579 2005 732 2069 exponere,
762 2007 855 2070 quam
878 2006 938 2054 non
960 1987 1026 2054 haeo
1047 1989 1144 2055 oratio

76 2094 237 2173 coherent
267 2113 339 2159 nam
369 2111 468 2176 neque
500 2088 588 2177 μετοί
623 2094 685 2178 τῆς
714 2085 938 2176 εῦιλαιμονίας
961 2094 1047 2161 εἶναι
1071 2096 1145 2178 quid

76 2199 122 2273 sit,
148 2199 349 2284 intelligitur,
381 2218 480 2283 neque
501 2199 540 2264 ud
561 2200 739 2283 genetivum
760 2199 821 2285 τῆς
842 2194 949 2286 χώρας
970 2203 1034 2266 ullo
1054 2203 1146 2268 modo

20 2345 21 2360 ι
75 2307 185 2372 eroessi
207 2325 244 2372 ex
266 2306 462 2372 inferioribus
484 2308 587 2390 potest
608 2302 723 2379 τόπος,
754 2326 792 2370 ne
814 2306 874 2371 eliu
896 2325 1141 2373 commemorem.

20 2441 21 2452 ι
74 2410 293 2478 scribendum:
321 2415 439 2479 ’Δοκεῖ
474 2413 508 2479 tt
553 2415 783 2498 μεταίτιον
825 2413 886 2497 της
922 2406 1146 2497 εῦιλαιμονίας

73 2513 187 2586 αῦτιῦν
204 2519 290 2585 εἶναι
313 2514 360 2585 τό
383 2546 419 2586 τε
441 2519 503 2604 τῆς
516 2515 624 2607 χώρας
646 2515 867 2606 σῖλίμενον,
891 2520 952 2605 τῆς
967 2517 1144 2605 θαλάσσης

74 2622 294 2712 παρηκούσης
317 2629 371 2693 καί
393 2628 460 2693 τῦν
482 2631 622 2714 καρπῦν
645 2623 764 2715 σχεδὸν
785 2619 950 2694 άπάντων
977 2621 1046 2694 ῦπό
1076 2629 1146 2694 τών

74 2736 227 2802 πολιτῶν
249 2739 602 2821 καταναλισκομένων,
625 2731 644 2801 ῦ
666 2761 703 2800 τε
726 2736 787 2816 τῆς
809 2728 939 2808 πόλεως
954 2726 1073 2812 τόπος,
1089 2737 1143 2801 καί

72 2834 90 2906 ῦ
112 2838 209 2928 παρά
233 2844 294 2910 τοῦ
317 2846 405 2912 θεοῦ
427 2838 577 2932 χρησμός
601 2843 861 2927 συμπαροξῦναι
877 2833 1011 2915 πάντας
1027 2847 1145 2927 ἐκτρυ-

74 2950 177 3034 φῆσαι
202 2975 232 3038 κ.
256 2977 285 3017 τ.
308 2953 338 3017 λ.
393 2951 592 3035 Relinquitur
614 2948 718 3031 alique
750 2946 905 3015 dubitatio
927 2947 958 3014 in
982 2948 1142 3033 partieipio

74 3054 304 3142 παρηκούσης.
441 3069 444 3076 ’

126 3323 243 3390 *>1bid.
262 3323 356 3382 ison:
384 3317 481 3396 ὅμοιον
500 3323 569 3383 ὄντα
586 3330 629 3400 τῷ
656 3322 895 3396 προειρημένῳ
922 3323 983 3394 (pro
1001 3326 1056 3378 τῶν
1074 3343 1142 3394 προ·

175 3417 343 3488 ειρημένον).
372 3419 401 3474 P.
411 3418 465 3474 493
483 3419 501 3474 d
519 3436 586 3476 som:
609 3421 672 3473 Νῦν
689 3416 722 3472 τὸ
743 3414 794 3485 μὲν
813 3413 1012 3484 ἐπιτιμώμενόν
1031 3413 1089 3472 ἐστι
1107 3420 1145 3490 τῷ

103 3507 106 3514 ⁴
174 3515 276 3584 ποιητῇ
303 3506 347 3567 ὅτι
372 3511 438 3575 τοῦς
464 3508 515 3581 μὲν
544 3511 659 3576 λοιποὺς
687 3507 760 3566 εἷπε
787 3509 879 3580 (vulgo
899 3508 966 3591 ἔστι)
993 3509 1145 3580 μογέοντας

174 3601 278 3672 ἀείρειν
294 3601 326 3661 τὸ
346 3605 442 3670 δέπας,
461 3603 511 3660 τὸν
521 3602 552 3660 oi
564 3603 695 3675 Νέστορα
703 3604 791 3675 μόνον
801 3601 927 3675 άμοηητί.
954 3603 986 3658 Ρ.
996 3603 1048 3660 506
1061 3603 1144 3661 isere

175 3700 258 3752 τοῦτο
283 3697 309 3752 δ’
328 3699 404 3767 εἴπερ
421 3695 508 3763 οὕτως
527 3696 675 3772 ἀληθείᾳ
693 3697 753 3768 (pro
772 3696 920 3768 ἀληθείας)
939 3693 1001 3766 ἔχει,
1021 3693 1091 3760 θεὸς
1109 3692 1145 3750 ἂν

175 3790 270 3861 είδείη.
304 3786 334 3847 Ρ.
345 3791 499 3848 Μάκετα
519 3794 594 3846 δοκῶ
611 3783 663 3846 οῦν
682 3808 719 3861 σε,
739 3781 897 3858 miliduno,
917 3790 1006 3847 πολλὰ
1016 3789 1087 3844 κατὰ
1097 3793 1146 3860 τῆς

174 3881 242 3955 ἐμῆς
276 3884 471 3949 ψεύσεσθαι
502 3884 563 3955 (pro
595 3884 763 3953 ψεύδεσθαι.
791 3884 856 3941 (iod.
882 3885 946 3940 Pur.
972 3881 1146 3951 σείσασθαι)

174 3980 305 4048 κεφαλῆς.

113 4069 156 4139 **)
174 4071 205 4126 Ρ.
222 4070 276 4126 514
294 4087 309 4126 e
328 4086 381 4128 ser.
401 4068 570 4126 ἀπέλαυεν
587 4086 638 4140 pro
658 4068 819 4127 οίκσλαῦειν.
