2740 4572
286 249 348 314 me
655 245 906 319 mumv

245 447 365 512 esset.
408 445 594 532 Longioram
618 449 780 516 verborum
801 446 955 515 ambitum
977 443 1134 526 descripsi,
1152 444 1325 510 utstatim

244 552 420 637 legentibus
453 555 622 638 appareret,
659 573 759 640 neque
795 553 980 620 sententiam
1014 568 1112 634 neque
1141 549 1326 616 orationem

244 662 326 725 recte
348 658 529 726 continuari.
578 660 718 728 Primam
747 663 829 728 anim
856 658 945 726 deest
965 655 1089 724 omnino
1111 655 1221 738 primae
1244 676 1326 722 sen-

244 763 352 830 tentia
373 765 512 845 verbum,
536 785 593 833 nec
612 768 813 852 interrogatio
833 765 902 832 illa:
931 763 1034 846 quod
1056 766 1198 828 contra
1221 763 1323 828 sub-

244 870 393 937 sidium
427 871 506 937 sibi
546 871 649 950 habat,
690 871 740 939 cui
772 871 990 954 subiungatur3
1026 868 1138 935 deinde
1171 886 1325 950 perverse

149 1019 151 1026 -
244 993 369 1060 prorsus
401 977 525 1058 ponitur
555 978 708 1060 particula
746 977 894 1061 igitur,
933 977 1078 1061 quoniam
1111 994 1150 1043 ne
1182 974 1324 1040 minime

244 1082 370 1166 quidem
402 1083 604 1150 conclusionis
635 1086 746 1151 umbra
778 1084 836 1160 ost
870 1082 926 1149 sed
957 1081 1108 1148 narrando
1138 1080 1322 1154 subiicitur,

243 1188 318 1270 quid
344 1189 458 1256 Burrus
481 1192 513 1256 et
534 1191 651 1256 Seneca
673 1191 712 1273 ad
734 1208 822 1273 opem
847 1187 1004 1255 terendam
1026 1187 1153 1254 excitati
1173 1187 1322 1262 facerint,

242 1311 431 1377 quamquam
453 1297 542 1362 huius
564 1296 662 1378 ipsius
688 1294 903 1362 cohortationis
932 1293 1118 1378 significatio
1148 1292 1323 1359 omittitur.

243 1402 303 1480 (lie
326 1403 446 1481 urendo,
469 1401 552 1486 quod
573 1402 605 1466 iu
626 1401 740 1468 litteris
769 1419 991 1485 expergens
1019 1399 1216 1466 manifestum
1242 1417 1321 1464 san-

241 1509 374 1574 tantiam
396 1507 638 1574 condicionalem
661 1509 783 1585 evertit,
798 1506 877 1572 nibil
891 1507 969 1580 dico,
985 1506 1129 1591 quoniam
1143 1504 1176 1569 id
1190 1505 1318 1586 pridem

242 1613 386 1680 Picbenoe
414 1614 532 1680 amicus
565 1613 676 1697 aliquis
706 1615 857 1692 correxit.)
914 1613 1004 1692 Quod
1025 1612 1065 1677 ad
1087 1614 1218 1694 priorem
1243 1630 1322 1676 sen·

243 1720 374 1784 tantiam
407 1719 625 1786 absolvendam
657 1721 756 1799 deest,
788 1721 820 1785 in
849 1721 915 1799 illo,
950 1719 1032 1803 quod
1065 1719 1192 1784 ulterius
1223 1717 1321 1782 initio

241 1831 392 1908 superest,
414 1826 426 1888 i
433 1826 546 1909 gitur
574 1826 759 1892 continetur.
803 1827 854 1892 Sic
876 1827 957 1892 enim
980 1826 1146 1905 scripserat
1167 1824 1320 1890 Tacitus:

242 1931 335 1996 Tum
369 1949 515 2013 pavore
538 1933 734 2010 exanimis
757 1933 796 1997 et
816 1933 894 2024 iam
914 1934 1072 2015 iamque
1094 1930 1224 1996 affore
1247 1933 1319 1996 ob-

242 2038 402 2104 testans
436 2083 744 2117 ...........
778 2038 881 2122 quod
913 2041 1052 2104 contra
1084 2037 1316 2104 subsidium

243 2143 332 2220 sibi,
356 2145 435 2210 nisi
457 2144 552 2232 quid
569 2144 1321 2226 BurrusetSeuecaerpedirent(quos

243 2249 386 2316 statim
411 2249 631 2328 acciverat,
654 2251 854 2318 incertum
876 2271 922 2317 an
944 2253 983 2316 at
1007 2251 1098 2316 aute
1121 2251 1315 2333 ignaros),

243 2357 381 2424 orditur.
424 2356 601 2442 Longum
623 2358 837 2440 utriusqus
860 2357 1074 2422 silentium
1098 2357 1156 2421 cat.
1204 2356 1317 2438 Scrip-

242 2466 308 2528 tum
332 2464 425 2528 etiam
448 2481 514 2528 essa
536 2463 638 2546 potuit
658 2463 817 2548 quaritur.
872 2463 940 2546 ium
962 2464 1044 2527 recte
1066 2462 1148 2527 Nero
1171 2461 1311 2528 Burrum
1360 2509 1361 2514 ,

242 2569 274 2634 et
296 2568 446 2634 Senecam
467 2570 629 2636 consilinm
652 2569 794 2651 expedire
814 2569 941 2635 iussisse
964 2569 1112 2647 comatur,
1144 2569 1193 2634 illi
1218 2569 1317 2635 initio

244 2675 444 2758 obmutuisse.
488 2675 576 2754 Quod
610 2675 721 2748 deinde
754 2693 952 2752 correxeram,
988 2675 1024 2738 ut
1056 2692 1111 2755 pro
1144 2676 1156 2740 i
1163 2693 1317 2759 guaros

243 2781 428 2846 scriberetur
448 2798 606 2864 gnaros,
629 2781 720 2846 video
738 2781 777 2848 ab
792 2781 864 2846 aliia
881 2783 1064 2862 occupatum
1081 2782 1113 2845 et
1127 2783 1167 2847 ab
1183 2781 1313 2847 Halmio

242 2887 409 2968 receptum.
453 2885 521 2951 Non
553 2885 612 2953 boc
633 2904 692 2952 uno
714 2887 782 2952 loeo
805 2885 933 2970 simplex
962 2904 1110 2969 gnarus
1140 2886 1171 2950 in
1206 2888 1317 2952 notius

244 2992 275 3058 et
296 2991 486 3073 frequentius
508 2991 675 3075 ignarus
696 2994 851 3058 mutatum
874 2994 931 3058 est.

345 3109 423 3176 lbid.
458 3111 513 3175 15:
547 3130 619 3176 nec
649 3110 734 3176 ulla
761 3111 938 3176 moribus
972 3111 1067 3175 olim
1101 3113 1314 3193 corruptis

242 3215 333 3299 plus
355 3216 573 3284 libidinum
596 3217 994 3299 circumdeditquam
1016 3215 1312 3284 illaoolluvies.

103 3313 108 3322 “
243 3321 277 3388 Si
298 3322 365 3389 haec
386 3324 469 3389 racto
498 3323 612 3406 scripta
642 3327 724 3399 sunt,
753 3322 829 3388 mire
859 3322 987 3388 Tacitus
1009 3326 1103 3406 negat
1125 3323 1220 3387 ullam
1244 3325 1309 3389 ool-

242 3430 356 3494 luviam
379 3430 448 3513 plus
470 3429 637 3495 libidinum
652 3429 803 3494 moribus
833 3428 1071 3494 circumdedisse
1094 3448 1187 3512 quam
1210 3429 1307 3507 illam,

243 3553 313 3617 quae
333 3535 372 3600 ab
393 3534 461 3617 ipso
483 3536 673 3612 describitur,
704 3534 792 3618 quasi
815 3553 933 3600 morum
956 3535 1108 3616 corruptio
1130 3553 1253 3617 semper
1275 3555 1309 3600 ex

243 3639 373 3705 colluvie
402 3641 505 3724 aliqua
533 3642 658 3706 oriatur.
712 3639 914 3706 Manifestum
947 3643 995 3706 est
1027 3640 1191 3707 colluviem
1221 3640 1308 3706 illam

242 3765 313 3812 oum
334 3745 405 3812 aliis
425 3764 546 3813 morum
567 3748 856 3830 corrumpendarum
880 3749 981 3813 causis
1003 3752 1034 3812 et
1054 3746 1217 3812 libidinum
1238 3747 1306 3810 ille·

242 3852 343 3919 cebris
364 3853 533 3937 comparari
556 3853 675 3920 debere.
718 3852 839 3918 Excidit
867 3854 964 3938 igitur
992 3854 1230 3930 substantivum,
1259 3854 1307 3918 cni

242 3959 329 4025 ulla
349 3958 530 4026 adiunctum
554 3963 629 4039 erat,
652 3959 717 4024 sive
737 3959 784 4024 ita
805 3959 929 4041 scripsit
950 3960 1076 4026 Tacitus
1122 3978 1193 4024 nac
1223 3959 1306 4024 nlla

241 4063 422 4130 moribus
454 4065 548 4130 olim
582 4065 787 4146 corruptis
809 4065 941 4147 <vis>
963 4066 1055 4149 plus
1088 4064 1307 4130 libidinum
