2728 4582
277 259 323 358 Ι50
524 258 586 315 Lib.
604 259 627 314 1.
647 258 711 328 Cep.
730 258 780 313 111.
816 259 1027 314 Demosthenes.

238 456 337 521 iuberi
360 450 513 543 α’ναιρεῑν
535 452 576 522 τά
599 457 711 544 stopa,
746 459 781 520 ut
812 457 851 521 iis
884 457 1014 524 remotis
1042 475 1173 523 vacuum
1205 457 1307 521 torum

238 563 430 645 liborumque
462 563 597 646 spatium
628 564 742 647 populo
778 563 893 644 pateat,
928 564 1009 646 quod
1042 567 1075 629 et
1101 581 1147 641 ea,
1175 583 1242 646 quae
1265 564 1305 628 de

239 667 366 736 consilio
399 672 444 736 rei
476 665 690 748 sn'biiciuntur,
724 671 898 754 significant
926 672 959 735 et
992 690 1027 736 ex
1061 674 1136 737 orat.
1171 671 1220 743 18,
1249 670 1306 733 169

238 776 449 870 perspiciturs
465 796 654 860 quamquam
681 777 723 842 ibi
745 778 901 860 prytanea,
924 777 959 840 ut
979 777 1079 842 forum
1102 777 1208 858 pateat
1230 796 1306 843 con·

238 883 316 948 tioni
345 901 410 948 cras
436 883 595 956 habendae,
624 877 665 949 uel
688 885 788 968 γὲρρα
819 900 879 946 non
907 884 1005 948 solum
1030 883 1152 955 tollunt,
1182 881 1235 948 sed
1257 885 1305 948 in-

237 989 383 1055 cendunt.
439 990 554 1054 Eodem
578 991 708 1072 spectat,
731 990 812 1073 quod
834 989 874 1054 ad
895 990 1075 1073 suffragium
1098 990 1228 1071 populus
1250 990 1306 1056 ed·

239 1096 322 1161 mitti
354 1097 486 1170 iubetur,
519 1098 686 1179 antequam
718 1096 868 1180 peregrini
903 1095 955 1160 die
989 1096 1168 1178 procedente
1204 1096 1304 1160 forum

238 1203 397 1284 impleant.
611 1203 613 1207 ’
997 1216 1001 1224 ·

690 1487 776 1568 Cap.
800 1487 857 1551 lV.

692 1639 849 1696 Athenaeus.

335 1790 484 1859 Athenaei
507 1794 805 1878 Δειπνοσοφιστώτ
836 1792 929 1858 libros
963 1813 1032 1858 oum
1065 1797 1166 1872 antea,
1199 1798 1234 1857 ut
1268 1793 1305 1856 fit
1350 1823 1352 1930 g

234 1896 268 1961 in
290 1897 347 1962 tali
361 1916 467 1980 opere,
490 1899 620 1980 sparsim
643 1901 765 1963 tentum
787 1899 974 1982 attigissem,
997 1899 1089 1963 editis
1111 1896 1301 1963 Adversariis

238 2003 359 2070 criticis
382 2003 463 2068 totos
488 2006 689 2088 perlegendos
715 2003 842 2088 sumpsi,
865 2005 899 2068 ut
921 2007 953 2068 et
974 2007 1149 2069 universam
1173 2006 1300 2070 formam
1350 2003 1351 2010 ’

236 2109 532 2193 descriptionemque
555 2112 726 2178 accuratius
748 2127 964 2195 cognoscerem
987 2115 1027 2188 et,
1044 2110 1160 2194 siquid
1179 2111 1298 2188 lateret,

235 2233 293 2300 qno
325 2215 357 2281 in
390 2215 462 2281 aliis
495 2217 608 2284 studiis
642 2216 688 2283 uti
721 2234 853 2300 possem,
887 2218 1061 2299 reperirem.
1114 2216 1188 2310 Quae
1210 2217 1242 2281 in
1265 2236 1303 2282 ca

233 2320 365 2388 lectione
393 2323 532 2389 subnata
559 2327 630 2390 sunt
658 2324 900 2406 fragmentorum
928 2323 1117 2406 quorundam
1140 2325 1299 2406 poetarum
1347 2399 1348 2412 χ

234 2427 411 2495 Graecorum
433 2431 674 2507 emendationes,
706 2449 767 2509 eae,
790 2431 941 2512 quatenns
963 2434 1018 2494 aut
1039 2431 1132 2494 certae
1154 2432 1209 2494 aut
1229 2448 1297 2510 pro·

233 2534 352 2601 habiles
374 2533 567 2608 videbantur,
596 2540 707 2620 praeter
728 2555 840 2618 paucas
862 2536 894 2600 in
916 2536 995 2601 libro
1018 2536 1176 2602 memoriae
1198 2534 1298 2601 Caroli
1346 2519 1350 2562 '³

234 2638 337 2706 Graux
359 2640 507 2725 philologi
530 2641 614 2708 Galli
636 2644 685 2725 pie
709 2642 848 2708 dedicato
878 2641 961 2706 edidi
988 2643 1080 2726 atque
1113 2642 1194 2721 iude,
1223 2661 1296 2726 quo·

233 2747 317 2811 niem
340 2746 483 2830 exiguum
505 2747 639 2830 epatium
661 2749 818 2832 occupant,
840 2747 900 2812 huc
913 2748 1069 2813 transtuli.
1113 2749 1158 2813 lix
1179 2747 1298 2826 ceteris,

234 2871 303 2935 quae
335 2853 389 2916 aut
421 2852 452 2916 in
485 2872 581 2934 prosa
608 2854 756 2919 orationis
783 2854 965 2937 scriptorum
988 2855 1170 2938 fragmentis
1193 2853 1296 2920 autin

232 2959 330 3041 ipsius
352 2958 495 3025 Athenaei
518 2959 618 3024 verbis
640 2962 765 3039 correxi,
787 2980 895 3045 pauca,
927 2979 995 3044 quae
1021 2965 1074 3025 aut
1096 2964 1220 3043 propter
1241 2979 1299 3031 res,

234 3083 302 3149 quac
334 3064 537 3152 attinguntur,
570 3069 625 3131 aut
655 3069 779 3150 propter
810 3068 909 3148 ipsam
943 3066 1140 3133 correctionis
1169 3067 1294 3132 forman

233 3172 324 3254 paulo
351 3171 536 3238 notabiliora
565 3174 714 3248 videntur,
738 3174 789 3240 hio
809 3173 1015 3256 interponam,
1037 3169 1165 3257 reliquis
1184 3173 1297 3238 brevie-

234 3278 310 3343 eime
332 3278 364 3342 in
386 3277 557 3362 marginem
580 3280 735 3346 coniectis.

333 3416 369 3488 P.
390 3421 410 3483 5
433 3418 453 3483 d
475 3418 605 3487 casaub.
628 3423 673 3497 (in
695 3423 833 3488 versibus
855 3421 996 3488 Platonis
1019 3421 1157 3500 comici):

317 3519 537 3601 accionarius
559 3524 687 3613 πλεκτή
712 3522 787 3596 δὀἲν
810 3531 882 3596 ἐπεὶ
907 3522 1001 3617 λήψῃ
1025 3522 1109 3593 acad
1134 3520 1264 3612 καιρόν,

316 3629 409 3718 ἑφθή
431 3632 493 3716 τῆς
514 3627 635 3720 ὀπτῆς,
658 3632 703 3722 ἢν
724 3628 748 3726 ᾖ
769 3637 907 3722 μείζων,
930 3632 1020 3703 uolt)
1044 3636 1214 3720 κρείττων.

233 3762 422 3828 Particulam
454 3758 497 3829 ἅτ
529 3765 600 3829 feni
632 3785 694 3833 non
726 3784 816 3849 posse
849 3764 1024 3832 Diodorfius
1052 3765 1230 3841 annotavit3
1263 3780 1296 3826 ea

233 3868 314 3934 unde
336 3870 404 3934 orta
424 3870 474 3942 sit,
496 3871 666 3952 apparebit
689 3873 717 3938 si
736 3872 904 3938 attenderis
918 3872 977 3940 hoc
993 3890 1053 3938 uno
1065 3871 1132 3939 loce
1148 3862 1294 3952 πλεττήτ

233 3959 390 4059 appellari,
425 3994 493 4059 qna
525 3975 599 4042 alibi
632 3996 753 4062 semper
785 3973 959 4063 πλεκτάνῃ
995 3979 1168 4061 appelletur
1191 3979 1224 4066 et
1244 3977 1293 4041 de·

233 4081 384 4150 minutivo
406 4075 625 4151 alenaa'raov.
675 4084 877 4150 scribendum
898 4086 1008 4171 igilur:
