2728 4582
495 297 704 357 Demosthenes.
830 311 834 324 ³
905 283 909 290 ’
1051 293 1090 356 37

72 499 197 562 buntur:
242 499 294 563 καὶ
341 499 511 570 Φίλιππος
552 491 613 582 οὐχ
652 489 792 580 dereiner
836 487 1020 562 ὑπακούων
1063 504 1135 562 τοῖς

71 605 301 688 προδιδουσιν,
351 597 424 671 οὐδ’
461 603 551 690 εἶχεν
593 600 611 668 ὅ
654 627 686 667 οι
731 603 867 687 πρῶτον
915 595 1014 688 λα’βη,
1036 597 1136 664 mani·

70 711 144 777 sesto
189 711 221 775 in
262 705 400 798 ὑπεῖχεν
433 710 558 784 mend0;
598 709 680 792 quod
712 709 807 774 ceteri
851 707 968 773 codices
1006 705 1132 776 hubent,

71 811 177 885 οὐκέτ’
201 817 298 904 εἶχεν,
328 818 486 901 redarguit
513 823 543 880 et
564 815 759 898 participium
783 808 968 880 ὑπακούων
1000 816 1031 877 et
1054 809 1136 893 quod

70 924 210 1007 sequitur
244 927 275 988 in
318 924 413 989 altere
454 924 591 987 membru
627 922 710 986 recte
734 920 894 1004 scriptum,
930 912 1003 989 οὐδ’
1038 919 1135 1005 εἶχεν.

70 1031 271 1097 Scribendum
293 1031 430 1096 videtur:
464 1030 519 1094 καὶ
549 1029 720 1100 Φίλιππος
746 1021 808 1094 ουίι
837 1022 1014 1112 ἐπήρκει
1043 1020 1136 1090 ὑπα-

70 1132 178 1203 κούων
201 1151 272 1208 τοῖς
303 1136 542 1220 secretariam
575 1155 635 1200 uon
669 1133 842 1200 sufficiebat
874 1134 1070 1200 offerentibus
1104 1151 1137 1196 se

69 1225 274 1326 proditoriis
296 1243 487 1324 recipiendis.

165 1401 237 1478 XX,
275 1401 335 1465 34:
387 1401 420 1465 σι’
453 1391 517 1466 οὖν
550 1401 680 1474 οἴεσθε,
718 1391 742 1464 ὦ
778 1396 898 1483 ἄνδρες
932 1391 1133 1482 Ἀθηναῖοι,

67 1509 189 1574 τοῦτον
213 1502 274 1572 οδν
290 1507 453 1593 ,τοιοῦτον
476 1507 556 1590 περὶ»
568 1499 659 1591 ὑμᾶς
673 1513 915 1593 γεγενημένον,
932 1501 991 1571 teia
1007 1497 1137 1587 α’κοδση
1175 1544 1177 1554 ·

69 1613 161 1701 οόμφ
186 1611 252 1699 τήν
275 1606 428 1681 desieras
457 1608 548 1698 ὑμᾶς
578 1608 819 1702 α’φηρημὲνους
847 1607 953 1679 αὐτόν
977 1614 1030 1678 καὶ
1053 1611 1137 1696 μηδ

67 1717 109 1788 δν
151 1719 326 1807 μεταδόξῃ
359 1726 440 1787 sacre
474 1726 736 1806 ψηφισαμένους
768 1725 890 1796 ἐξεῖναι
921 1721 1039 1786 δουναι
1049 1746 1062 1799 ,·
1105 1719 1137 1785 Si

67 1830 265 1912 participium
304 1835 564 1914 ψηφισαμένους
597 1848 665 1893 cum
700 1833 820 1902 ἐξεῖναι
855 1828 977 1894 δοῦναι
1011 1828 1137 1894 ueniun-

70 1939 204 2018 geretur,
238 1935 407 2000 necessaric
439 1955 574 2018 praesens
606 1936 770 2019 poneretur
803 1938 934 2016 tempus,
971 1936 1003 1998 et
1035 1937 1137 1998 tamen

67 2042 166 2106 tutum
192 2040 371 2118 abundaret,
387 2042 447 2106 nisi
462 2043 647 2107 scriberetur
659 2047 1013 2126 μιταφηφιζσμὲνοσς.
1056 2039 1137 2105 Scri-

68 2148 219 2212 bendum:
263 2139 345 2230 μηδ
381 2141 426 2212 ἄν
460 2141 630 2234 μεταδόξῃ
674 2152 757 2213 ποτὲ
799 2151 1137 2234 ψηφισαμένοις,

70 2259 192 2329 ἐξεῖναι
216 2253 342 2331 δοῦναι,
372 2273 409 2318 ne
432 2255 459 2320 si
481 2254 597 2320 decreti
619 2256 743 2337 quidem
766 2273 819 2319 vos
840 2253 1027 2337 poenituerit.

168 2446 259 2526 XXI,
282 2447 339 2510 41:
373 2443 396 2514 δ
418 2441 448 2514 δ’
469 2444 514 2514 ἄν
540 2455 574 2514 ἐκ
602 2449 732 2514 πολλοι]
756 2449 900 2532 συνεχως
930 2446 985 2511 ἐπὶ
1009 2439 1139 2518 πολλαὶς

72 2547 203 2639 ἡμέρας
235 2552 336 2637 rcapti,
363 2550 444 2628 τοδς
477 2550 605 2637 νόμους
637 2552 796 2639 πράττων
829 2578 880 2626 τις
910 2555 1074 2638 φωρᾶται,
1097 2546 1139 2618 ου’

68 2654 180 2742 μόνον
203 2656 315 2743 δήπου
342 2664 405 2728 τοῦ
431 2658 481 2747 μη
511 2655 586 2745 μετ’
608 2655 712 2749 σ’ργης
738 2656 867 2747 οἷπέχσι,
890 2654 975 2727 α’λλοὶ
1000 2663 1054 2726 καὶ
1076 2664 1138 2747 βε-

69 2769 309 2854 βουλευμένως
341 2765 360 2836 ὁ
396 2771 550 2842 cercuros
572 2763 720 2854 ὑβρίζων
760 2771 852 2835 ἐστὶν
883 2764 948 2855 ἥδη
982 2761 1138 2854 φανερός.

72 2874 267 2958 Quamquam
289 2875 326 2940 ds
350 2875 500 2960 particula
521 2869 571 2961 μή
593 2879 626 2940 in
648 2877 753 2942 Graecc
776 2894 914 2941 sermone
937 2876 1016 2957 apud
1037 2873 1139 2939 infini-

71 2980 168 3046 tivum
202 2982 242 3046 ed
274 2985 411 3048 nestrum
445 3001 569 3048 sensnm
601 2982 772 3047 abundanti
809 2981 974 3065 diligenter
1011 2979 1138 3063 quaesiui

72 3087 258 3170 exposuique
286 3088 317 3152 in
350 3088 457 3153 libello
490 3088 608 3172 syntaxi
641 3107 716 3153 meae
752 3087 867 3154 Graecae
889 3087 1034 3152 adiuncto
1057 3084 1140 3169 (Be-

70 3193 258 3276 certamen
292 3194 367 3259 siber
402 3195 501 3277 etatae
536 3193 656 3260 Pacete
693 3197 748 3260 der
780 3193 991 3278 praeaeternae
1035 3177 1138 3258 Wart-

70 3297 292 3381 fir‘puapstehre
302 3319 331 3382 p.
347 3302 385 3362 47
399 3309 489 3383 squ),
502 3305 605 3366 tamen
618 3321 677 3366 non
689 3301 790 3377 video,
807 3299 959 3383 quomodo
969 3299 1029 3364 dici
1043 3299 1142 3384 possit

72 3395 186 3492 α’πὲχει
210 3407 271 3472 τοὺ
292 3403 342 3492 μή
366 3399 442 3490 μετ’
475 3400 588 3494 ὀργῆς,
621 3428 690 3474 cum
724 3407 784 3472 hoc
816 3406 1028 3489 intelligatur:
1065 3404 1140 3483 „ab-

74 3513 119 3574 est
140 3513 179 3576 ab
203 3531 247 3586 eo,
270 3514 306 3577 nt
331 3515 427 3579 iratus
450 3513 543 3579 faciat
564 3511 686 3578 satvr.
730 3513 828 3578 Valde
851 3530 965 3584 vereor,
987 3529 1025 3574 ne
1040 3511 1139 3593 serip-

75 3619 141 3680 tum
162 3619 255 3682 suerit
276 3637 294 3683 a
314 3619 538 3688 Demosthene:
572 3613 613 3687 ου’
641 3613 752 3703 μόνον
783 3613 895 3703 δήπου
924 3611 970 3683 ad
992 3612 1043 3702 μη
1065 3609 1141 3703 μετ’

76 3715 177 3810 ὀργῆς
207 3717 332 3812 α’πέχει,
363 3726 475 3791 rariore
504 3727 559 3792 ilic
588 3747 647 3793 usu
671 3727 757 3792 verbi
777 3719 924 3813 α’πέχων,
948 3745 1007 3808 quo
1029 3723 1141 3790 dicitur

76 3827 112 3894 dc
134 3833 182 3911 iis,
206 3851 273 3914 quae
295 3833 358 3899 iam
381 3834 586 3917 acceperimus
608 3834 839 3918 teneamusque,
861 3833 897 3897 nt
920 3833 985 3897 haee
1007 3829 1049 3896 sit
1070 3849 1141 3896 sen·

75 3937 186 4006 tentia:
215 3959 272 4004 nun
303 3940 403 4005 solum
432 3942 613 4023 impressam
642 3940 736 4006 habet
758 3941 789 4006 et
811 3940 949 4006 continet
970 3937 1074 4002 nutam
1096 3935 1141 4000 rei

77 4061 134 4107 non
156 4045 203 4110 ira
225 4041 323 4127 iactae,
345 4046 404 4113 hcc
426 4047 483 4126 est,
505 4065 565 4111 non
588 4047 686 4112 solum
710 4051 793 4112 earet
815 4044 1012 4113 excusatione
1027 4042 1072 4108 rei
1087 4060 1147 4122 per
