2712 4576
265 227 325 291 m
623 228 888 299 mmmm

223 442 343 491 cauea
363 430 449 502 (nam
472 424 538 490 sine
560 443 653 492 causa
674 445 713 491 an
736 445 805 492 cum
829 445 920 492 consa
941 425 1082 493 additum
1108 426 1167 491 hoc
1186 426 1307 506 fuerit,

222 529 299 596 nihil
320 531 442 596 omnino
465 531 568 611 adid,
593 532 630 597 de
653 552 713 616 quo
735 532 840 599 Cicero
863 532 981 612 scribit,
1011 531 1157 616 pertinet)
1181 535 1213 598 ct
1236 531 1309 598 ita

222 637 372 702 iactum
396 638 467 702 est.
512 638 716 705 scribendum
736 638 876 705 videbar:
909 637 980 704 boc
1001 640 1134 704 actem
1155 638 1200 702 de
1223 656 1305 720 po·

222 734 333 824 pulis
361 742 511 809 liberis
540 744 574 812 in
603 761 674 811 eam
697 762 827 812 cansam
857 744 1038 811 additum
1069 745 1108 810 ct
1133 744 1304 810 infartam

223 852 284 918 eet
305 853 443 929 (essee)
466 871 484 917 a
505 852 540 918 P.
563 851 742 919 Servilio
765 851 869 918 filio.

322 991 458 1072 Ibidll,
479 994 508 1072 1,
524 995 562 1056 5:
584 993 653 1058 sed
677 1011 747 1078 ego
769 993 884 1059 illam
906 992 1075 1072 (Clodiam)
1099 991 1165 1058 odi
1187 992 1307 1058 male

93 1157 95 1166 .
223 1099 495 1176 consularem
527 1098 599 1185 [ea]
630 1099 692 1163 eet
723 1100 825 1164 enim
856 1099 1074 1177 seditiosa,
1104 1100 1176 1178 [ea]
1208 1117 1300 1164 cunr

222 1202 308 1271 viro
341 1204 490 1270 bellum
523 1203 649 1291 gerit,
682 1222 808 1288 neque
838 1205 968 1271 solam
999 1223 1084 1270 cum
1105 1202 1300 1280 Metello,

223 1310 291 1376 scd
330 1311 453 1376 etiam
491 1330 575 1376 cnm
615 1310 756 1391 Fabio,
796 1311 897 1395 qnod
930 1329 996 1377 eos
1028 1309 1067 1375 in
1100 1309 1172 1374 hcc
1206 1328 1304 1375 esso

224 1416 394 1482 moleste
425 1417 515 1482 fert.
574 1416 720 1482 Extrema
751 1418 816 1484 bac
848 1418 880 1483 in
915 1417 948 1482 M
983 1415 1084 1499 prima
1118 1434 1213 1481 manc
1253 1413 1305 1480 sic

223 1524 413 1590 scribuntur:
446 1541 513 1588 eos
545 1541 634 1588 esse
665 1525 704 1589 in
732 1524 804 1590 hoc
827 1539 914 1590 esee
936 1523 1107 1588 moleste
1130 1519 1233 1600 lert,
1262 1540 1301 1586 ex

223 1649 283 1714 qno
307 1630 454 1696 efficitur:
476 1627 578 1712 qnod
600 1648 666 1694 ecs
689 1649 776 1695 esse
797 1631 986 1698 innocentes
1006 1628 1180 1694 moleste
1202 1626 1302 1692 fert.
1344 1692 1345 1720 ,

223 1735 362 1802 Clodiam
391 1734 495 1801 Cicero
523 1733 602 1800 dicit
631 1733 795 1800 Metellum
822 1737 855 1800 et
882 1735 1012 1801 Fabiam
1039 1734 1142 1801 odisse
1174 1734 1299 1799 nullam

224 1844 317 1909 aliam
348 1843 386 1908 cb
419 1860 555 1918 causam,
590 1840 648 1906 nisi
679 1842 760 1924 quod
790 1859 809 1905 a
836 1842 936 1909 clodii
958 1841 1130 1925 Clodiaeque
1152 1840 1242 1906 vitiis
1265 1840 1302 1904 ct

195 2033 198 2038 Ι
223 1948 387 2016 sceleribus
415 1948 605 2014 abhorreant.

324 2089 402 2155 lbid.
418 2089 448 2166 7,
466 2090 500 2154 l:
523 2087 740 2155 Orationes
762 2091 894 2154 autem
916 2108 935 2154 a
955 2108 1013 2155 me
1034 2088 1129 2152 duae
1151 2088 1297 2170 postn-

222 2197 300 2276 las,
324 2213 487 2279 quarum
511 2195 682 2260 alteram
704 2214 775 2260 non
797 2195 958 2261 libebat
982 2192 1079 2260 mibi
1101 2194 1299 2270 scribere,

224 2304 289 2388 qni
311 2302 527 2382 absoiram,
551 2301 741 2381 alteram,
764 2320 810 2366 ne
831 2302 1037 2366 laudarem
1061 2318 1298 2384 eum,qncm

224 2428 298 2476 non
319 2409 506 2475 amabam.
550 2409 594 2472 Ex
615 2407 755 2491 vestigiis
774 2408 948 2474 litterarum
971 2407 1037 2473 erui
1059 2407 1194 2473 ridetur:
1220 2404 1299 2491 qnia

224 2516 360 2584 obscura
382 2516 465 2581 erat
518 2515 556 2580 In
590 2513 719 2580 minutis
751 2514 784 2578 et
814 2513 989 2579 difficilibus
1019 2513 1109 2578 rebus
1137 2512 1298 2577 versatam

224 2642 291 2689 esse
325 2621 494 2686 orationem
526 2639 583 2686 nec
619 2620 714 2685 ullam
746 2619 899 2685 luminum
934 2621 1124 2686 occasionem
1146 2617 1297 2682 babuisse

162 2717 167 2728 “
223 2726 427 2813 significat.*)

323 2865 403 2932 lbid.
428 2865 476 2943 16,
504 2866 539 2931 4:
569 2864 609 2930 si
640 2886 801 2949 possum
834 2866 1061 2945 discedere,
1096 2884 1141 2930 ne
1174 2882 1296 2931 causa

223 2973 377 3056 optima
407 2971 446 3036 in
467 2972 612 3037 senatu
633 2976 790 3055 pereat,
824 2992 894 3057 ego
927 2972 1187 3038 satisfaciam
1220 2990 1294 3054 pn·

223 3078 400 3145 blicanis
416 3080 474 3143 cet.
496 3078 551 3144 Ne
566 3097 619 3162 pro
641 3079 717 3161 ita,
735 3082 864 3146 utnon
881 3079 973 3163 (obora
988 3080 1079 3166 dass)
1096 3078 1156 3143 dici
1175 3076 1294 3162 nequit,

224 3204 321 3269 neque
355 3184 568 3251 discedere
600 3191 706 3271 aptum
739 3187 795 3252 est.
850 3185 903 3250 Ne
933 3205 1002 3252 curn
1032 3183 1293 3252 satisfaciam

223 3291 470 3376 coniungendam
492 3294 556 3371 est3
591 3293 696 3359 Cicero
730 3293 811 3358 onim
843 3312 875 3357 se
904 3291 975 3357 ideo
1006 3292 1177 3374 publicanis
1200 3291 1292 3357 satis·

223 3400 373 3465 facturum
396 3399 481 3478 dicit,
503 3419 542 3464 ne
565 3399 682 3482 optima
711 3417 812 3477 causa,
839 3398 898 3464 hoc
921 3399 978 3478 est,
1003 3399 1154 3482 equestris
1176 3396 1293 3465 ordinis

223 3523 292 3569 cum
315 3507 425 3570 senatu
447 3507 627 3584 coniunctio,
650 3505 682 3570 in
699 3505 808 3571 senatu
822 3506 936 3588 pereat.
972 3505 1083 3588 Itaque
1098 3504 1290 3571 scribendum

223 3609 345 3693 opinor:
368 3609 408 3674 Si
429 3629 588 3692 possum
612 3611 770 3690 decidere,
798 3612 855 3677 boc
877 3613 934 3692 est,
957 3613 1047 3696 quasi
1069 3631 1139 3679 cum
1161 3613 1291 3695 utreque

223 3717 308 3799 parte
330 3716 444 3801 pacisci
466 3716 532 3800 (etro
556 3715 766 3798 Gomprorror'ss
786 3717 919 3802 doceo).

277 3969 304 4038 *l
322 3971 364 4026 De
392 3971 471 4040 14‚a
499 3970 554 4025 dixi
581 3971 610 4026 in
637 3973 856 4044 ephemeridibus
881 3973 1003 4042 Gallicis,
1023 3989 1085 4042 quae
1103 3971 1290 4028 inscribuntur

322 4084 393 4117 revue
411 4069 442 4116 de
459 4066 586 4132 philoloyr'e
604 4064 674 4121 1878
692 4083 718 4135 p.
738 4066 798 4122 186.
