2728 4582
466 262 676 318 Demosthenes⁸
1021 259 1062 320 45
1145 261 1147 270 ’

59 463 168 528 verbum
194 459 391 528 substituitur
421 453 581 524 ιίτιοιιιυίν
609 464 692 536 (τοῖς
721 449 923 542 ὀνηλάταις),
945 505 952 519 .
971 503 978 520 .
997 504 1005 520 .
1024 503 1031 520 .
1053 450 1103 541 μή

58 563 213 633 docentor
237 595 266 633 κ.
290 593 319 633 τ.
350 571 389 647 λ.,
416 566 509 649 idque
540 582 639 630 errore
667 565 700 629 in
722 567 908 644 superiorem
930 561 1033 628 locum
1056 581 1105 626 re-

57 677 171 739 tractum
196 675 252 739 est.
261 674 291 747 *l

139 849 251 921 XLIII,
274 848 329 912 83:
362 838 443 932 μηδ’
476 850 676 930 ἐπιτρέψητε
704 839 839 918 τούτοις
866 851 953 932 ἔχειν
983 843 1024 911 uo*
1054 845 1105 930 μή

56 949 270 1039 τροοήκοντα,
293 947 366 1019 αλλ’
382 946 573 1020 αἰτοδοῦναι
592 945 800 1040 α’ναγιιοίοετε
817 957 865 1026 εἰς
879 946 942 1019 τόν
961 946 1106 1038 Ἁγνιόυ

56 1062 134 1128 οἷκον
166 1077 239 1136 τοῖς
271 1055 479 1146 προσήκουσι
512 1073 583 1132 τοῖς
615 1053 768 1147 Ἁγνίου.
830 1059 900 1124 Non
932 1057 1035 1144 agitur
1069 1058 1106 1122 do

56 1168 132 1234 certis
166 1169 349 1252 quibusdam
383 1169 473 1232 rebus
505 1166 634 1251 Haguiae
667 1167 848 1251 patrimonio
879 1167 910 1230 et
941 1164 1106 1229 hereditati

55 1264 250 1349 restituendis,
286 1275 339 1339 sed
376 1275 424 1340 de*
450 1275 516 1338 tota
551 1272 725 1339 hereditate
761 1272 893 1357 Hagniae
929 1271 1106 1353 propinquis

56 1381 207 1448 reddenda.
264 1382 371 1464 ltaque
404 1380 574 1446 necessario
604 1379 796 1444 scribendum
819 1382 880 1444 est:
909 1370 1106 1444 α’τοδοῦναι

22 1577 23 1580 ¹
56 1481 252 1574 α’ναγκιίοετε
289 1483 350 1552 τόν
384 1479 528 1573 Ἁγνιόυ
561 1485 656 1552 οίιιον
688 1499 759 1558 τοῖς
792 1478 1000 1570 προσήκουσι
1035 1497 1107 1556 τοῖς

22 1605 23 1631 l
56 1589 194 1682 ιΛίγνίου.

22 1831 23 1836 ¹
143 1747 257 1824 XLIV,
281 1747 337 1809 59:
362 1753 409 1812 ἔτι
432 1747 551 1810 τοίνυν
574 1747 628 1810 ἐπὶ
645 1739 683 1811 ad
700 1747 768 1810 των
784 1739 1108 1828 διαμαρτυρούντων

54 1859 144 1939 μέρος
175 1850 255 1919 οὔτε
288 1846 484 1936 δικαστήρια
518 1844 562 1936 ἦν
591 1847 635 1916 ἄν
668 1848 747 1917 οὔτε
771 1845 899 1936 α’γῶνες
922 1851 1108 1939 ἐγίγνοντο·

56 1956 162 2027 ιωίαίει
196 1954 261 2046 γιίρ
295 1955 409 2025 πάντα
438 1960 545 2026 ταῦτα
575 1954 613 2025 τὸ
647 1959 715 2023 τῶν
738 1958 991 2042 διαμαρτυριῶν
1013 1959 1109 2045 γένος

22 2069 24 2150 ξ
57 2095 77 2132 ι,
98 2094 125 2134 τ.
149 2070 178 2133 λ.
223 2066 386 2131 Sententia
408 2065 567 2149 perspicue
588 2065 654 2130 haec
676 2066 731 2139 est,
756 2065 850 2148 siper
865 2059 946 2139 τούς
962 2066 1108 2150 διαμαρ-

22 2161 234 2258 *recontrans
267 2174 372 2252 staret,
406 2173 489 2238 nulla
520 2171 644 2243 iudicia,
677 2171 776 2236 nullas
810 2171 882 2236 lites
904 2174 1030 2238 suturae.
1074 2171 1131 2232 ld·

57 2283 152 2346 Graeoa
189 2281 315 2344 dicitur:
355 2285 402 2346 ἔτι
439 2277 570 2354 τοίνυν,
607 2273 645 2342 ad
683 2280 751 2343 των
788 2272 1110 2363 διαμαρτυρούντων

22 2381 23 2448 l
55 2393 157 2472 μέρος,
190 2383 269 2453 odra
300 2379 496 2471 δικαστήρια
527 2374 571 2469 ἦν
601 2378 646 2450 οίν
674 2381 751 2450 οὕτε
774 2377 903 2471 α’γωνες
925 2384 1109 2470 ἐγίγνοντο.

22 2531 23 2539 1
56 2493 225 2578 Praepositio
257 2494 314 2559 ἐπί
346 2493 378 2558 in
411 2494 468 2558 hoc
500 2491 645 2584 loquendi
674 2511 786 2576 genere
808 2490 982 2558 accusativo
1004 2486 1110 2552 addita

22 2665 23 2668 ,
56 2619 142 2683 neque
166 2601 312 2687 exemplo
345 2599 407 2665 ullo
441 2597 614 2664 defenditur
648 2616 747 2680 neque
781 2598 844 2663 ulla
876 2592 1111 2682 significationis

22 2697 23 2732 ³
58 2707 199 2792 analogia.
243 2708 285 2772 Et
306 2709 409 2771 tamen
432 2707 496 2772 eius
518 2705 666 2770 addendae
687 2723 780 2770 cauea
798 2704 858 2770 fuit
873 2703 1023 2789 ignoratio
1038 2718 1111 2765 usus

60 2813 275 2896 perfrequentis
312 2811 444 2878 nominis
481 2805 519 2878 τό
558 2818 677 2886 (τινος)
713 2811 823 2896 μέρος,
870 2813 1037 2894 „qnantum
1074 2806 1110 2870 ad

59 2917 183 3002 aliquem
206 2919 328 2996 attinet,
352 2919 433 3001 qnod
455 2939 508 3002 per
530 2938 601 2984 eum
622 2919 715 2983 stat“.
760 2918 826 2999 [Sic
848 2917 911 2982 iam
933 2915 1092 2991 Cebetas]

149 3095 228 3160 lbid.
242 3094 297 3158 66:
315 3093 450 3170 δικαίως
464 3090 530 3181 γοίρ
546 3088 565 3160 o‘
581 3099 789 3178 νομοθέτης,
805 3092 913 3177 οἶμαι,
931 3086 1043 3173 ὥσπερ
1059 3087 1112 3154 καί

58 3193 111 3273 cdo
131 3195 271 3288 α’τυχίας
293 3203 360 3266 των
383 3203 516 3268 οἰκείων
539 3201 593 3266 καί
616 3197 678 3274 τοίς
699 3195 845 3273 ἐκδόσεις
860 3200 928 3264 τῶν
942 3197 1113 3284 γυναικῶν

58 3321 119 3381 τοῖς
131 3304 301 3396 ἐγγυτάτω
313 3313 432 3395 γένους
451 3314 654 3393 προσέταττε
672 3313 863 3382 ποιεῖσθαι,
882 3303 968 3370 οὕτω
987 3306 1039 3370 καί
1054 3300 1115 3376 τοὶς

104 3543 129 3612 *)
147 3543 222 3598 Orat.
241 3541 291 3596 XL
310 3541 325 3612 ξ
344 3541 361 3596 9
379 3547 407 3598 et
425 3542 460 3596 10
477 3556 590 3610 prorsus
609 3540 769 3596 incredibile
792 3539 907 3608 fingitur
930 3538 1116 3594 anacoluthon

150 3637 178 3690 in
206 3636 343 3691 sententia
371 3633 453 3690 facile
487 3633 648 3690 decurrenti.
702 3634 801 3689 Utrum
831 3638 922 3688 tamen
955 3631 1116 3702 simpliciter

148 3727 271 3784 tollenda
314 3729 368 3784 aiut
398 3727 481 3782 verba
511 3725 575 3795 μεθ’
602 3719 641 3781 ὧν
672 3718 753 3798 οὗτος
785 3732 813 3780 et
851 3725 949 3782 deinde
986 3725 1018 3780 δέ
1053 3730 1116 3796 poet

149 3820 282 3887 συνόδων,
309 3826 341 3875 ut
368 3821 407 3876 sic
435 3821 582 3875 scribatur:
611 3818 706 3890 ἐπειδὴ
732 3817 756 3872 δ’
782 3817 876 3874 οὑτοσὶ
900 3857 958 3876 ...
980 3860 986 3872 .
1007 3858 1014 3872 .
1039 3813 1116 3884 ἑλών,

153 3912 292 3981 ἐδικάζετό
310 3933 365 3982 μου
384 3917 422 3988 τῷ
441 3914 525 3984 πατρί
545 3913 660 3983 φάσκων
679 3913 739 3977 υίὸς
759 3909 829 3968 εἶναι
848 3912 963 3974 ἐκείνου,
984 3905 1114 3965 συνόδων

151 4007 316 4076 γιγνομὲνων
340 4011 449 4062 πολλῶν
473 4029 498 4062 ιι.
518 4028 540 4061 τ,
561 4011 592 4074 t,
622 4024 657 4063 an
685 4006 820 4064 occultius
850 4005 962 4075 aliquod
990 3999 1116 4059 ruendum

152 4094 245 4169 tabuit,
263 4117 319 4157 non
338 4099 447 4157 definio.
915 4107 924 4120 “
