2740 4572
423 245 562 302 Ciceronis
580 247 712 316 epistolee.
953 247 956 253 '
999 246 1058 309 201

44 438 117 504 turi
148 439 355 519 altiores„
376 440 411 510 si
443 443 669 524 patiamur?
706 442 757 508 Ut
789 445 864 509 iam
899 442 999 517 ista,
1021 460 1102 525 quae

45 544 154 624 tecit,
179 546 495 612 dominationem
518 567 563 615 an
592 547 794 615 dominnm
817 569 863 614 an
884 549 1103 614 Antonium

46 652 225 717 timentis
267 652 361 719 sint.
433 654 507 720 Haec
552 655 710 736 postrema
757 673 849 737 praue
895 654 1103 736 superioribus

47 757 265 842 adiunguntur;
299 778 369 825 nam
405 758 431 826 si
463 763 506 826 ut
536 759 688 842 particula
720 767 768 828 est
800 759 1003 839 consecutiva,
1026 777 1105 843 qno·

48 864 128 928 nodo
157 883 229 930 cum
258 884 294 930 ea
322 864 480 932 conciliari
508 866 611 948 potest
639 864 889 949 interrogationis
911 865 1103 932 disiunctivae

48 971 157 1035 torma?
201 971 416 1036 Scribendum:
440 971 491 1036 ut
511 972 555 1050 (id
584 974 633 1038 est
654 972 781 1047 velut)
803 970 878 1037 iam
901 973 999 1051 istu,
1022 991 1106 1054 qnae

48 1076 142 1141 tecit
150 1122 286 1153 .....
315 1080 450 1155 sunt?·)
494 1079 529 1143 ln
552 1077 659 1142 eadem
683 1078 917 1159 reprehensione
947 1077 1104 1144 Ciceronis

49 1202 79 1247 ea
98 1182 228 1249 dicentis
249 1186 281 1249 et
301 1181 503 1261 decernentis,
526 1201 595 1267 quae
617 1201 650 1248 se
671 1203 731 1250 non
753 1182 891 1264 deceant,
914 1185 940 1249 si
963 1184 1105 1249 domine-

49 1290 157 1354 tionem
172 1308 242 1354 vere
256 1289 326 1354 tolli
340 1289 426 1367 velit,
442 1290 612 1373 sequnntur
628 1291 709 1355 haec:
731 1290 853 1356 Immo
875 1290 1106 1372 triumphus
1211 1306 1215 1316 ’

50 1396 82 1458 et
102 1394 368 1478 stipendium!
396 1397 444 1460 nt
465 1396 648 1461 omnibus
669 1396 848 1462 decretis
872 1396 1106 1462 hortationis

51 1502 191 1583 pudeat
226 1501 515 1583 concupiscere
552 1503 771 1577 fortunam,
815 1504 929 1568 cuins
968 1521 1107 1567 nomen

52 1609 290 1690 susceperit,
307 1607 839 1682 consularis,utCiceronis
862 1610 947 1674 est?
970 1607 1108 1673 Primum

53 1731 166 1794 prorsus
185 1714 290 1780 eadem
312 1713 450 1796 perlucet
470 1714 719 1797 interrogationis
735 1713 842 1791 torma,
859 1735 927 1798 quse
941 1715 972 1778 in
989 1714 1108 1796 superi-

53 1819 147 1884 oribus
170 1823 251 1885 erat:
273 1819 393 1886 Immo
422 1820 652 1903 triumphus
674 1825 713 1885 et
734 1821 982 1904 stipendium
1006 1866 1014 1883 .
1037 1866 1045 1882 .
1068 1866 1108 1883 ..

54 1925 272 1990 consularis
305 1927 364 1992 ant
396 1924 605 1992 Ciceronis
638 1928 724 1992 est?
768 1926 887 1993 Deinde
908 1927 1010 2003 iniis,
1040 1945 1107 2009 quae

54 2029 205 2096 interiecta
236 2033 319 2106 suot.
354 2051 413 2097 non
447 2031 572 2096 dubium
602 2035 658 2110 est,
689 2033 761 2115 quin
784 2052 897 2098 nomen
920 2033 1049 2098 Caesaris
1070 2034 1110 2097 ab

55 2135 213 2204 Octaviano
235 2140 411 2221 susceptum
440 2137 631 2221 significetur
659 2141 691 2201 et
712 2136 806 2202 simul
827 2137 949 2204 fortuna
971 2137 1109 2214 Caesaris,
1209 2145 1211 2150 '

20 2291 21 2294 ,
56 2242 87 2306 ad
98 2244 188 2327 qnam
202 2242 477 2326 concupiscendam
488 2241 688 2308 Octavianum
705 2245 769 2308 suis
784 2241 917 2310 decretis
928 2241 1034 2309 Cicero
1050 2243 1110 2308 im·

56 2351 177 2431 prudens
193 2351 338 2416 hortetur.
361 2351 471 2432 ltaque
487 2350 573 2414 locus
584 2349 624 2414 ad
636 2348 769 2431 primam
784 2349 919 2431 speciem
929 2348 1111 2432 gravissime

57 2455 231 2537 depravatus
253 2457 412 2523 lenissima
435 2455 588 2520 medicina
609 2453 655 2520 sic
677 2454 866 2520 restituitur:
889 2457 1009 2522 Immo
1032 2453 1110 2520 tri·

57 2563 214 2646 umphus
257 2570 295 2629 et
337 2559 587 2644 stipendium
624 2563 663 2625 et
701 2561 884 2627 omnibns
927 2560 1109 2626 decretis

57 2667 199 2746 hortatio,
222 2688 263 2736 ne
293 2668 362 2736 eius
391 2667 540 2752 pudeat
569 2667 862 2750 concupiscere
892 2666 1111 2743 fortunam,

57 2772 1112 2856 oniusnomensusceperit,consularisantCiceronis

58 2883 131 2945 est?
172 2882 275 2965 Atque
290 2866 380 2946 huius
394 2878 616 2946 emendationis
632 2899 691 2944 nou
707 2880 818 2964 exigna
832 2897 903 2961 pars
918 2879 981 2946 iam
999 2877 1113 2944 Orellio

58 2985 84 3048 in
104 2995 235 3052 mentem
258 2994 393 3065 venerat,
415 2987 469 3052 sed
491 2985 580 3051 initio
603 2987 636 3052 et
656 2986 689 3050 in
710 2985 771 3050 fine
793 2985 930 3051 nonnihil
950 2985 1112 3052 aberravit.

147 3105 314 3187 ibides:
332 3106 422 3170 Haec
439 3103 538 3170 mihi
561 3103 953 3169 videnturCiceroni
974 3102 1113 3167 ultima

20 3217 21 3264 t
60 3228 135 3276 esse
165 3212 205 3276 in
237 3211 356 3277 malie
391 3211 449 3276 cet.
500 3211 569 3275 Non
598 3210 672 3294 quid
696 3210 791 3274 Bruto
814 3209 954 3273 videatur
975 3207 1114 3274 Ciceroni

20 3271 22 3404 ἔ
59 3314 191 3384 ultimum
214 3337 291 3396 esse,
315 3318 470 3401 quaeritnr,
491 3315 546 3382 sed
562 3315 637 3399 quid
653 3316 787 3381 Ciceroni
803 3314 948 3380 ultimum
963 3312 1114 3390 videatur,

20 3433 21 3444 ¹
61 3422 242 3490 dissentienti
264 3443 283 3489 a
305 3423 395 3489 Bruti
428 3422 541 3488 iudicio
575 3423 614 3487 de
645 3420 757 3487 iisdem
788 3420 890 3485 rebus.
940 3419 1055 3483 Brutus
1076 3419 1115 3482 ad

61 3529 130 3597 hauc
149 3532 279 3596 formam
300 3527 479 3610 scripserat:
507 3530 595 3595 Haeo
619 3526 717 3593 mihi
736 3524 905 3608 <levia>
921 3525 1116 3599 videntur,

20 3673 21 3676 =
62 3635 231 3703 Ciceroni
253 3637 507 3702 nltimavesse
528 3635 566 3701 in
590 3633 717 3700 malis.

20 3755 23 3880 r
63 3808 282 3818 ..-,

21 3889 23 3968 i
107 3889 131 3959 *)
148 3895 265 3964 Reliqua
277 3895 373 3951 eodem
387 3894 476 3962 modo,
496 3909 554 3963 quo
574 3908 625 3960 ego
644 3888 768 3948 sananda
786 3892 989 3954 annotaveram,
1009 3885 1116 3941 sanavit

150 3988 202 4044 iam
229 3987 439 4056 Wesenbergius
471 3986 580 4041 sublata
611 3982 750 4054 particula
782 3997 837 4049 an,
869 3993 931 4049 quoe
962 3985 1026 4034 ante
1052 3979 1116 4033 An-

151 4083 276 4136 tonium
294 4080 396 4135 litteris
414 4079 561 4148 geminatis
580 4083 641 4133 orta
659 4081 709 4131 est
