2728 4582
304 251 342 312 76
572 249 629 304 Lib.
648 249 670 304 1.
691 249 756 320 Cap.
775 219 824 304 IV.
860 250 1020 305 Athenaeus.

261 444 344 531 quod
379 445 570 512 desideratur
602 446 642 512 ad
676 441 719 520 οἷς
751 439 771 513 o‘
940 438 1147 531 Δημόφιλος.
1203 445 1334 510 Videtur

262 553 409 634 seriptum
443 553 554 618 fuisse:
588 546 671 626 ὀςό
846 547 1045 638 Δημόφιλος
1077 545 1332 639 εἰσαγήοχε,

168 733 170 739 A
263 661 562 742 παρασκευασθεὶς
605 685 634 724 κ.
679 685 707 724 ε.
751 659 790 735 λ,
834 659 1095 740 quemadmodum
1137 657 1334 723 insimulavit

263 765 372 844 (finxit)
408 763 621 846 Demophilus,
655 764 840 830 subornatus
872 766 929 830 eet.
983 764 1101 831 Deesse
1128 764 1258 831 verbum
1288 764 1334 826 in·

263 871 434 950 tellexerot
467 869 521 953 qui
552 870 585 934 iu
620 869 725 937 codice
758 869 897 936 Parisino
931 870 1082 953 epitomes
1110 868 1236 951 scripsit
1259 869 1333 934 εἷσε

264 976 463 1064 δημόφιλος.

365 1138 442 1205 lbid.
466 1157 491 1204 α.
523 1137 557 1201 tn
579 1137 674 1202 nobili
696 1136 790 1203 stolio
812 1138 988 1205 Aristotelis
1011 1142 1060 1212 εἰς
1080 1131 1251 1224 Ἐρμειάν
1273 1140 1334 1204 ad

263 1262 330 1328 sqq.
354 1243 419 1309 haeo
440 1243 586 1326 leguntur
607 1243 644 1308 de
667 1243 799 1308 virtute:

346 1387 441 1439 τοῖον
464 1373 520 1439 ἐπὶ
543 1375 648 1456 φρένα
670 1366 810 1456 βάλλεις

348 1473 481 1564 καρπόν
502 1474 531 1545 α’
553 1473 734 1544 α’θολνατον
757 1480 882 1564 χρυσου
904 1506 940 1544 τε
964 1480 1103 1564 κρείσσω
1194 1557 1196 1562 ,

349 1588 403 1652 καὶ
426 1589 551 1672 γονέων
573 1569 850 1672 μαλακαυγηαοῑό
874 1579 911 1650 θ’
932 1583 1057 1652 ὕπνου.

367 1715 502 1780 Permiro
538 1717 569 1780 in
606 1716 665 1782 hoo
701 1736 770 1781 oum
808 1716 933 1781 virtutis
967 1717 1068 1782 fructu
1104 1715 1333 1796 comparatione

266 1823 384 1888 divitiis
417 1831 448 1889 ot
479 1825 656 1908 parentibus
691 1824 734 1898 (h.
758 1841 784 1888 e.
812 1825 934 1906 generis
967 1821 1136 1894 nobilitati)
1171 1823 1333 1902 tamquam

266 1930 393 1995 tertium
430 1931 608 2014 adiungitur
644 1947 779 2011 somnus,
817 1947 872 1992 neo
912 1928 1062 1993 minorem
1101 1925 1334 1992 admirationem

265 2035 359 2101 habet
380 2036 566 2102 adieetivum
589 2035 661 2101 huie
683 2035 876 2101 substantivo
898 2036 1087 2112 adiunctum,
1111 2035 1176 2098 sisa
1198 2035 1335 2118 μαλαν-

267 2157 428 2231 αυγῆεσῑο
451 2142 567 2209 soritas
589 2144 653 2208 siro
674 2134 966 2226 μαλακαυχῆυοιο;
1001 2141 1109 2206 neutra
1131 2139 1214 2204 enim
1240 2139 1335 2204 forms
1357 2165 1358 2206 1

266 2249 456 2334 probabilem
492 2248 746 2333 significationem
785 2247 1066 2329 derivationemque
1101 2244 1205 2311 habet.
1264 2244 1334 2310 Veri

265 2356 414 2421 indicium
438 2357 531 2421 tenue
546 2355 640 2421 codex
656 2356 748 2422 Laur.
772 2354 897 2439 praebet,
918 2354 950 2418 in
972 2371 1032 2436 quo
1053 2347 1188 2426 ὕπνους
1210 2352 1333 2435 legitur.

266 2462 438 2546 scripserat
460 2462 543 2526 enim
559 2462 743 2527 Aristoteles
761 2487 814 2546 με
823 2453 1113 2548 γαυαυχῆτοιό
1129 2452 1167 2525 θ’
1182 2455 1271 2538 doro
1282 2482 1333 2531 υς.

266 2568 343 2634 Cum
366 2567 485 2633 divitiis
514 2570 547 2633 et
569 2568 666 2650 stirpe
697 2567 893 2651 coniungitur
920 2565 1082 2651 fastigium
1112 2564 1279 2650 dignitatis
1306 2569 1335 2632 et

266 2675 439 2740 maiestatis
462 2673 660 2758 magnifieum
682 2677 713 2738 et
735 2674 900 2757 superbum
924 2672 1070 2757 (gloriose
1092 2691 1126 2737 se
1146 2674 1294 2748 iactans).

369 2848 401 2914 P.
425 2848 485 2911 698
508 2847 528 2912 d
551 2827 583 2912 et
603 2867 619 2911 e
641 2848 687 2924 (in
711 2849 884 2933 fragmento
906 2848 1124 2932 Hegemonis):

350 2970 471 3061 qu'ps’
493 2972 650 3044 α’νέσιοιοε
670 2982 812 3064 γέροντα
836 2979 891 3042 καὶ
913 2970 975 3044 οὐκ
993 2968 1143 3042 ἐθέλοντ’
1159 2968 1331 3062 α’ναβῆναι

349 3083 403 3148 καὶ
427 3077 564 3160 σπάνις,
586 3078 610 3170 ἢ
631 3078 781 3156 πολλούς
805 3083 943 3151 Θασίων
965 3088 1014 3157 εἰς
1036 3078 1162 3150 ὁλκάδα
1183 3080 1307 3168 βάλλει

349 3182 520 3274 εύκούρων
540 3190 729 3275 βδελυρῶν,
752 3182 925 3256 ὀλλύντων
946 3183 975 3256 τ’
997 3183 1194 3274 ὀλλυμένων
1215 3217 1253 3257 τε

348 3290 495 3382 α’νδρόν,
517 3304 553 3364 οἳ
572 3298 638 3364 νύν
661 3305 752 3364 κεῖθι
775 3296 883 3370 κακῶς
906 3297 992 3363 anari
1015 3297 1243 3384 ῥαψῳδοῦσιν.

366 3427 425 3492 Pro
446 3421 556 3513 μνῆμ’
577 3427 736 3492 Iacobsius
758 3420 875 3510 λῆμμ’,
897 3427 1070 3492 Meinekius
1086 3419 1165 3512 λῆμ’
1181 3428 1328 3502 coniectu

264 3533 407 3597 neutrum
424 3552 493 3599 oum
509 3553 555 3613 eo,
571 3533 653 3616 quod
676 3538 723 3597 est
746 3527 878 3611 σπάνις,
894 3535 966 3616 apte
980 3532 1184 3618 coniungitur.
1219 3534 1329 3599 Verum

263 3636 386 3704 ridetur
408 3633 525 3705 nstv‘.
558 3639 677 3704 Deinde
698 3639 753 3704 nbi
775 3639 895 3705 aodioes
917 3639 1031 3706 habent
1054 3633 1236 3724 εὐκούρων,
1258 3641 1329 3707 sori·

264 3743 396 3809 bendum
429 3745 550 3811 videtur
584 3740 849 3832 ναυκλήρων,
883 3746 1087 3831 quodgenus
1115 3747 1279 3814 hominnm
1300 3747 1330 3813 ot

263 3866 317 3931 per
339 3868 372 3915 se
394 3853 465 3932 apte
491 3849 542 3917 hio
569 3851 747 3917 nominatur
768 3854 799 3916 et
821 3851 1002 3918 Graecorum·
1016 3855 1213 3936 maximeque
1236 3853 1329 3920 eomi-

263 3973 366 4022 eorum
387 3956 499 4023 indioio
521 3958 569 4037 iis,
589 3975 656 4042 que
671 3956 834 4031 adduntur,
849 3957 931 4024 notis
945 3958 1113 4046 insignitur
1128 3960 1327 4048 (βδελυρῶν,

261 4054 436 4130 ὀλλύντων
457 4056 486 4128 α’
508 4057 703 4150 ὀλλυμένων
724 4072 782 4142 ss).
