2740 4572
423 221 580 278 Ammianus
599 221 782 276 Marcellinus.
1035 219 1097 284 269

49 417 129 484 vel
157 417 432 486 machinationem.
483 419 576 484 lnitio
607 417 745 485 vocabuli
767 416 933 500 depravato
954 435 990 481 en
1012 415 1140 500 reliquis

54 523 195 589 litteris'
208 523 351 590 effaetum
373 525 423 590 est
443 526 763 591 cavillationem.

173 662 252 729 Ibid.
275 665 305 740 8,
328 665 364 729 5:
393 665 685 749 Hyperethium
708 711 714 725 .
738 709 746 726 .
769 710 776 725 .
801 709 807 724 .
831 659 1002 728 antehae
1031 662 1142 726 reete

50 768 302 835 ·castrensis
335 772 628 853 apparitorem,
663 770 702 836 id
726 770 797 848 est,
830 768 988 834 ventris
1020 765 1144 830 mini·

59 875 201 940 strnm
224 879 262 940 et
284 875 478 960 gutturis.
530 877 566 942 In
593 877 706 943 litteris
736 876 847 941 reate
868 873 1044 958 genetivum
1070 871 1143 938 sub·

62 981 203 1046 alentini
218 981 315 1046 latore
330 983 406 1048 satie
421 985 558 1065 apparet,
575 983 630 1049 aed
653 1002 751 1066 neque
771 981 832 1047 rei
855 998 953 1064 neque
975 977 1144 1045 rectoris

59 1103 188 1149 nomen
221 1086 308 1152 illam
343 1087 511 1173 singularis
547 1088 675 1155 alieuius
716 1090 850 1154 munais
885 1084 1144 1170 sigillationem

63 1190 180 1268 habet,
202 1193 252 1257 eui
265 1195 538 1261 accommodantur
554 1197 646 1262 verba
660 1193 864 1278 insequentia.
893 1190 1024 1258 Fuitne:
1040 1189 1146 1258 diaelae

61 1298 330 1364 aestrorum?
362 1300 480 1367 Saltem
514 1302 713 1368 manifestum
750 1299 798 1363 est
834 1295 1002 1381 significari
1034 1314 1147 1360 munus

62 1421 148 1466 enm
170 1403 273 1468 eulina
286 1395 490 1488 ,imperatoris
513 1405 722 1472 coniunctum.

186 1541 266 1606 lbid.
288 1544 360 1626 §14
380 1546 431 1623 (de
455 1546 603 1628 Procopio
625 1545 849 1628 expeditionem
861 1545 894 1607 in
905 1541 1069 1609 orientales
1081 1559 1153 1625 pro·

66 1645 197 1712 vineias
218 1652 373 1730 parante):
413 1670 507 1736 erga
541 1649 792 1717 alliciendas
822 1648 1012 1733 quasdam
1041 1645 1144 1711 eivi-

11 1745 13 1748 ’
71 1752 190 1816 tates
224 1755 328 1819 Asiae
360 1756 635 1842 legendosque
667 1754 838 1822 eruendi
875 1754 1031 1838 peritos
1064 1750 1151 1816 anri

69 1860 121 1921 ut
143 1859 226 1924 sibi
247 1862 483 1942 profuturos
505 1863 682 1945 preliis,
711 1881 792 1946 qnae
817 1879 957 1946 magna
979 1876 1144 1940 exspec-

12 1953 13 1956 '
72 1964 197 2030 tabat
218 1967 258 2029 et
279 1968 433 2045 erebra,
451 1969 619 2053 segnius
642 1968 912 2034 commoratus
933 1966 972 2030 in
996 1963 1152 2029 modum
1226 2044 1231 2048 .

72 2071 193 2135 senti
225 2074 428 2138 mucronis
450 2075 648 2140 obtunsus
671 2075 740 2139 est.
784 2071 938 2138 Pervelim
968 2071 1056 2149 solra,
1079 2067 1154 2152 quid

80 2175 226 2242 homines
258 2180 323 2242 anri
353 2181 479 2245 eruendi
508 2180 599 2263 periti
627 2180 659 2245 in
689 2177 805 2263 proeliis
832 2175 954 2262 magnis
976 2180 1009 2242 et
1030 2176 1153 2251 enebris,

76 2300 153 2364 qne
168 2282 333 2366 Prooopins
348 2286 552 2368 exspectabat,
567 2285 719 2369 profuturi
734 2285 794 2352 visi
808 2285 880 2351 sint.
901 2283 1001 2350 Valde
1015 2281 1154 2364 suspicor

85 2388 235 2471 seriptum
257 2389 367 2456 fnisse:
393 2391 559 2457 eruendi
580 2393 737 2475 peritos
758 2389 866 2470 Tauri,
888 2392 925 2455 ut
946 2387 1156 2473 significentur

80 2494 237 2570 domines,
270 2497 321 2578 qni
353 2495 456 2562 mneos
485 2500 516 2560 et
544 2501 691 2581 angustos
719 2501 840 2563 meatus
862 2497 955 2561 Tauri
976 2495 1104 2561 nossent
1125 2494 1158 2558 et

13 2583 17 2755 ‚
82 2602 265 2684 perreptare
286 2602 407 2667 seirent.
466 2631 468 2638 ·

190 2752 422 2830 Ibid.10‚10:
456 2753 553 2819 Nam
579 2754 689 2820 inter
716 2773 825 2820 arma
854 2756 893 2820 et
914 2754 1043 2818 lituos
1065 2770 1157 2817 oon-

15 2869 17 2910 l
86 2852 268 2924 diodonis
290 2860 643 2943 aeqnatio‘leviora
664 2860 767 2925 faoit
788 2859 990 2942 pericula,
1007 2857 1154 2924 etMar-

88 2964 159 3028 tiae
181 2963 354 3030 virtutis
375 2967 562 3048 potestas
584 2965 731 3041 antid,
753 2966 1025 3046 quodansum‚
1048 2983 1161 3029 oceu-

17 3127 18 3134 ,
96 3073 177 3153 pat,
212 3072 281 3136 aut
311 3071 528 3153 inopinata
559 3087 680 3144 mors,
713 3070 746 3132 si
768 3070 985 3150 acciderit,
1008 3072 1162 3138 nullum

18 3225 19 3264 ἰ
91 3176 327 3258 ignominie
364 3176 549 3242 eontinet
584 3191 744 3239 sensum
780 3173 988 3258 finemque
1030 3196 1162 3242 seeum

18 3273 19 3327 l
93 3280 259 3347 vivendi
281 3282 403 3347 simul
426 3283 465 3346 et
488 3277 652 3346 dolendi
675 3276 872 3360 perducit.
916 3280 952 3344 ln
975 3282 1033 3348 hae
1052 3281 1163 3347 editio·

96 3405 172 3452 num
201 3387 363 3469 scriptura,
393 3390 429 3453 ut
457 3388 600 3453 omittam
624 3382 769 3448 orationis
791 3386 1026 3463 perversitatem
1047 3389 1079 3452 in
1102 3388 1164 3453 illis

19 3457 22 3582 ξ
96 3494 156 3569 id,
178 3493 282 3575 quod
311 3513 464 3572 ausum,
492 3490 662 3572 oeeupat
683 3495 733 3564 (-
760 3504 831 3550 nam
855 3506 954 3572 neque
977 3496 1039 3559 est
1061 3493 1166 3559 omitti

20 3583 22 3664 l
99 3601 220 3683 ¹poterat
249 3619 349 3683 neque
382 3617 519 3664 ausum
548 3598 610 3662 est
636 3591 756 3677 passive
786 3590 857 3667 diei,
888 3597 948 3659 etsi
969 3599 1165 3681 participium

97 3725 180 3789 sape
191 3725 246 3788 pro
259 3705 462 3782 substantivo,
473 3705 570 3768 radus
580 3698 702 3785 propn'a
712 3696 744 3761 vl
756 3696 800 3760 sio
812 3695 926 3762 dicitur
940 3710 1000 3782 -)‚
1010 3703 1168 3770 sententia

101 3831 243 3901 perversa
258 3812 315 3889 est,
332 3809 474 3893 quoniam
490 3825 590 3891 neque
604 3807 642 3871 de
657 3800 831 3883 occupando
850 3819 924 3868 auso
947 3809 1051 3892 agitur
1072 3825 1168 3893 neque

106 3919 260 4002 inopinata
280 3934 363 3982 mors
383 3916 417 3980 in
438 3914 544 3997 proelio
567 3909 714 3995 appellari
735 3908 846 3989 potest.
898 3907 957 3974 Sed
988 3914 1168 3979 mendosam

103 4023 286 4105 scripturam
299 4021 374 4086 satis
386 4020 553 4104 coarguunt
565 4018 683 4083 oodiaes
695 4012 822 4094 antiqui,
838 4011 890 4092 qui
908 4014 1042 4092 primum
1055 4018 1170 4084 habent
