2712 4576
427 238 565 295 fficernnis
584 239 731 296 orationes.
1015 241 1072 304 127

55 437 106 500 scd
128 437 230 518 pudori
251 439 284 502 et
305 437 387 516 fidei,
410 455 478 520 qna
499 437 617 522 proprie
639 437 796 504 bominem
821 437 854 503 in
876 438 1009 524 negotiis
1024 457 1115 506 occu·

54 546 154 624 patum
186 544 407 619 commendant,
440 561 532 628 prave
565 562 602 608 ex
630 561 718 627 aequo
751 543 931 630 adiungitur
963 545 1113 624 virtus,

53 667 120 730 qum
140 649 171 714 ct
189 647 261 715 illas
275 649 383 716 laudes
399 650 432 715 et
446 654 564 716 ceterae
579 650 734 716 communi
748 649 872 716 notione
888 651 1112 734 complectitur.

53 754 205 821 Accedunt
225 774 295 822 cum
310 775 431 824 summa
445 756 612 824 offensione
625 755 759 839 repetita
773 755 866 823 verba
880 762 989 840 (cogn
999 758 1059 824 ita
1072 793 1114 806 -

52 861 1112 946 cognitum‚virtute-virtutiselhumanitatis),quo·

51 985 114 1030 mm
135 968 299 1052 utrumque
321 969 420 1035 altero
442 972 508 1036 loco
529 973 614 1037 recte
629 970 662 1034 et
675 970 746 1052 apte
761 969 897 1052 positum
913 969 970 1034 est.
1008 969 1112 1036 Cicero

51 1072 125 1136 nihil
155 1075 279 1156 scripsit
311 1077 388 1142 nisi:
429 1077 634 1162 singulari
674 1076 823 1158 pudore
856 1076 895 1140 et
926 1079 1112 1157 spectata

50 1178 144 1258 fide;
177 1182 258 1263 quod
281 1181 495 1266 interponitur,
529 1182 685 1248 virtute
718 1180 900 1266 cognita,
938 1181 977 1247 ab
1011 1181 1111 1248 aliena

49 1305 136 1353 mann
166 1289 308 1355 additum
341 1290 441 1355 estet
463 1309 499 1355 ex
526 1289 576 1368 iis,
605 1308 673 1372 quae
695 1288 830 1372 proxime
852 1290 1030 1372 sequuntur,
1052 1287 1112 1354 buo

49 1395 218 1461 retractum.
262 1395 395 1477 [Irascor
427 1395 515 1472 mibi,
548 1395 631 1478 quod
664 1413 721 1460 nou
752 1393 1025 1460 animadverterim
1054 1394 1112 1459 boc

48 1501 105 1565 iam
126 1502 299 1586 Kayserum
321 1501 461 1588 vidisse]

141 1620 207 1686 Pro
229 1619 374 1687 cluentio
399 1621 457 1683 103
480 1619 595 1698 Cicero,
618 1621 653 1684 ut
677 1617 881 1701 suspicionem
909 1617 1017 1698 diluat,
1044 1638 1110 1703 qnae

49 1726 74 1788 in
96 1725 273 1792 Cluentium
302 1745 338 1793 ex
364 1725 480 1792 Staieni
510 1726 705 1791 damnatione
741 1725 919 1805 ducebatur,
952 1723 1042 1809 quasi
1075 1743 1111 1792 ea

49 1833 277 1899 confirmaretur
297 1832 457 1899 Staienum
482 1834 610 1915 pecunia
630 1851 650 1897 a
671 1831 815 1897 Cluentio
847 1831 972 1916 accepta
992 1833 1023 1897 in
1047 1830 1110 1916 Op·

48 1937 157 2016 pianici
178 1939 295 2005 iudicio
316 1940 434 2005 iudices
456 1941 635 2022 corrupisse,
657 1945 823 2023 postquam
838 1938 998 2004 Staienum
1015 1937 1109 2005 maie·

49 2045 131 2110 statis
165 2045 347 2111 damnatum
380 2065 446 2111 csse
478 2046 564 2121 dixit,
587 2044 705 2111 Staieni
727 2045 917 2111 damnationi
940 2045 1109 2111 contrarias

47 2151 127 2228 ponit
148 2151 224 2218 duas
247 2152 282 2217 Ο.
304 2151 490 2218 Fidiculanii
512 2151 656 2232 Falcula,
688 2153 795 2235 quiin
818 2149 926 2218 eadem
949 2149 1110 2235 Oppianici

48 2275 132 2324 causa
153 2258 246 2325 iudex
268 2259 387 2334 luisset,
410 2258 629 2334 absolutiones,
654 2278 724 2324 oum
747 2259 794 2324 bis
816 2259 887 2341 post
907 2257 940 2323 id
961 2254 1110 2322 iudicium

47 2368 202 2430 accusatus
225 2367 316 2430 esset
372 2368 418 2431 Ac
446 2364 578 2448 priorem
600 2365 725 2448 quidem
746 2363 972 2430 absolutionem
994 2381 1027 2428 se
1050 2381 1109 2428 non

47 2487 201 2537 numerare
224 2469 308 2543 dicit,
333 2471 413 2554 quod
435 2471 645 2538 Fidiculanius
674 2475 742 2537 tum
772 2489 832 2536 non
860 2469 982 2553 proprie
1011 2468 1110 2551 captae

47 2578 165 2643 obrem
188 2577 386 2644 iudicandam
407 2579 545 2660 pecuniae
567 2581 727 2645 aecusatus
749 2578 875 2654 inisset3
899 2577 997 2644 altera
1015 2573 1110 2640 vehe-

48 2687 162 2748 menter
183 2684 298 2762 utitur;
321 2704 392 2750 nam
415 2689 482 2750 tum
506 2686 731 2752 Fidiculanium
747 2685 986 2770 repetundarum
1000 2685 1108 2765 postu·

46 2788 139 2856 latum
160 2789 264 2865 fuisse,
287 2791 374 2857 cuius
396 2790 503 2857 iudicii
532 2794 689 2875 proprium
717 2792 761 2858 sit
787 2792 821 2857 in
846 2792 987 2857 senatore
1013 2789 1110 2872 captae

47 2896 79 2960 nb
100 2916 166 2963 rem
187 2895 384 2963 iudicandam
407 2899 543 2981 pecuniae
566 2899 689 2964 crimen.
736 2898 772 2963 In
803 2897 870 2981 ipso
898 2895 956 2961 hec
977 2893 1110 2960 transitu

47 3019 62 3063 a
94 3003 206 3085 prioris
244 3003 430 3070 Fidiculanii
466 3004 670 3071 absolutionis
706 3006 861 3070 mentione
899 3002 938 3068 ed
982 3000 1109 3066 alterius

46 3109 363 3175 commemorationem
393 3111 626 3195 interponuntur
655 3111 749 3177 verba
776 3110 896 3192 aliquot
926 3107 963 3172 de
986 3107 1110 3174 Staieno

48 3215 187 3282 mendose
210 3216 323 3300 scripte
344 3219 377 3283 et
397 3220 522 3284 obscure
541 3237 610 3285 cum
626 3217 744 3301 reliqna
759 3216 896 3282 oratione
911 3214 1109 3279 cohaerentia:

47 3325 158 3404 capta
178 3340 371 3405 nusquam
389 3323 580 3390 Staienus
603 3324 737 3390 eadam
760 3323 849 3405 lege
872 3319 987 3386 dixit.
1021 3320 1110 3385 Pro-

47 3427 169 3503 prium
204 3429 354 3495 crimen
387 3430 494 3496 illud
529 3429 769 3514 questionis
800 3426 885 3493 eius
917 3444 989 3492 non
1020 3425 1108 3490 fuit.

49 3528 326 3601 Fidiculanius
348 3539 406 3602 oet.
450 3536 640 3619 Diligentius
662 3534 835 3602 attendenti
854 3532 1013 3617 apparebit
1029 3531 1111 3599 huna

48 3653 107 3705 esso
140 3640 358 3724 disputationis
391 3647 423 3708 et
452 3641 730 3728 argumentationis
762 3640 910 3719 ordinem,
942 3643 988 3718 ut,
1022 3639 1111 3705 finita

50 3745 151 3824 prioris
189 3748 371 3815 Fidiculanii
406 3749 609 3816 absolutionis
646 3747 947 3826 commemoratione,
993 3745 1110 3822 Cicero,

50 3854 205 3938 antequam
237 3855 276 3921 ad
303 3854 431 3920 alteram
459 3857 607 3934 transeat,
638 3875 729 3940 quam
752 3854 870 3939 proprie
893 3853 931 3919 ad
953 3871 1018 3918 rem
1042 3870 1111 3934 per·

51 3956 140 4026 tinere
169 3961 254 4040 dicit,
283 3963 328 4027 rei
354 3963 561 4046 praeparandae
589 3981 681 4028 causa
708 3961 844 4027 breviter
871 3960 1054 4043 interponat,
1076 3956 1109 4020 in

52 4063 168 4134 Staieno
190 4068 368 4134 huiusmodi
388 4066 549 4141 iudicium,
571 4067 654 4150 quod
675 4067 795 4151 proprie
810 4068 848 4132 ad
864 4068 960 4149 captae
975 4059 1111 4146 pecunia
