2728 4582
840 97 841 108 i
861 29 876 72 ι
1004 12 1007 32 ί

287 255 326 316 62
433 310 435 314 ,
652 254 712 308 Lib.
731 252 754 308 Ι.
773 254 839 320 cap.
858 252 906 308 IV.

346 451 380 514 P.
394 449 455 513 334
467 451 486 514 b
500 450 543 532 (in
556 451 720 536 Phylarchi
735 451 908 518 narratione
924 450 961 514 de
976 467 1049 533 rege
1068 445 1227 520 Antiocho,
1254 445 1324 528 qui,

244 576 315 623 curn
338 556 366 621 ei
388 556 549 622 Patroclus
571 557 733 622 Ptolemaei
757 557 817 620 dur
838 557 931 622 simul
960 555 1059 638 pisces
1082 559 1113 618 et
1133 552 1209 619 ficus
1232 551 1321 616 dono

244 663 392 740 misisset,
425 663 501 728 scite
534 664 731 738 declarasset,
766 663 841 746 quid
868 665 924 728 hoc
955 680 1079 727 munere
1102 662 1227 725 obscure
1255 658 1320 722 Pa-

245 769 362 835 troclus
384 768 604 854 significaret)t
629 777 692 855 ἔφη
713 764 892 857 γινώσκειν
915 771 946 862 τί
969 761 1132 852 βούλεται
1147 762 1188 831 ια’
1213 771 1324 842 ξένια·

245 869 268 959 ἢ
304 870 368 961 ροίρ
402 879 695 961 θαλαττοκρατεῖν
728 872 820 963 ἡμᾶς
857 902 937 963 φησι
968 870 1169 957 Πάτροκλος
1198 867 1221 958 ἦ
1249 874 1321 936 τῶν

246 977 357 1047 σύκων
378 976 527 1069 τρώγειν.
583 984 651 1048 Non
681 984 919 1050 alterumutrum
948 993 1029 1048 nuuc
1055 981 1122 1046 ficri
1153 980 1320 1045 Patroclus

246 1089 483 1172 significaverat,
505 1091 558 1154 scd
581 1092 746 1174 utrumque
769 1092 813 1156 sic
835 1090 1031 1155 coniunctum
1054 1105 1130 1165 esse,
1152 1092 1196 1162 ut,
1220 1087 1251 1151 si
1266 1105 1319 1150 rer

246 1195 343 1261 altero
365 1196 426 1260 frui
448 1195 549 1269 vellet,
584 1198 715 1262 alterum
738 1215 912 1280 comparare
942 1195 1081 1260 deberet:
1112 1188 1133 1278 ἢ
1156 1191 1221 1278 γαρ
1245 1201 1322 1259 θα-

247 1304 488 1387 λαττοκρατεῖν
521 1303 614 1368 δεῖν
647 1299 739 1390 ἡμᾶς
773 1329 853 1390 φησι
887 1299 1088 1388 Πάτροκλος
1116 1295 1138 1387 ἢ
1165 1297 1224 1386 ,κη’
1249 1301 1319 1366 τῶν

246 1404 357 1475 ον’καν
379 1404 573 1496 τρώγειν.*)

347 1623 381 1688 Ρ.
405 1624 466 1684 344
489 1643 515 1688 e.
561 1623 651 1688 Plato
680 1625 814 1689 comicus
837 1627 867 1689 in
891 1622 993 1688 fabula
1016 1622 1117 1706 aliqua
1139 1623 1316 1708 Myniscum

246 1728 418 1811 tragoedum
441 1729 580 1794 irriserat
601 1732 830 1814 parasitumque
853 1730 1069 1814 designaverat
1091 1730 1139 1794 his
1161 1731 1283 1795 verbis:

328 1875 406 1948 Ὀιλί
429 1885 493 1963 μὲν
516 1876 766 1969 Ἀναγυράσιος
789 1876 901 1968 ὀρφώς
924 1884 994 1949 ἐστί
1017 1907 1078 1947 σοι.

330 1980 369 2052 θ’
391 1983 471 2053 οὔθ’
496 1983 539 2063 οἷς
564 1991 661 2073 φίλος
685 1992 862 2065 Μανίοκος
885 1983 960 2057 ἐσθ’
983 1983 1001 2054 ὁ
1023 1981 1232 2062 Χαλκιδεύς.
1353 1989 1354 1999 ’

287 2083 291 2094 ’
330 2097 372 2162 B.
397 2097 504 2169 καλῶς
527 2100 641 2184 λέγεις.
1350 2124 1356 2203 ρ

349 2250 409 2316 Pro
442 2252 555 2318 litteris
588 2253 738 2334 corruptis
767 2245 804 2317 θ’
827 2245 908 2317 οὔθ’
940 2244 983 2324 οἷς
1016 2250 1094 2314 alter
1129 2267 1239 2313 versus
1276 2245 1321 2310 sio
1351 2215 1356 2294 ί

249 2358 427 2422 scribendus
450 2361 497 2423 est
518 2359 579 2424 leni
601 2359 787 2425 mutatione:
1351 2354 1356 2373 ”

339 2505 478 2598 Τούτῳ
503 2515 600 2596 φίλος
623 2512 800 2586 Μονίσκος
824 2504 898 2578 ἐσθ’
920 2505 939 2576 ὁ
962 2499 1166 2582 Χαλκιδεύς.

350 2663 514 2728 Nominato
544 2663 668 2728 homine
700 2664 795 2728 divite
818 2663 850 2728 et
871 2661 1023 2728 luxurioso
1045 2662 1118 2727 huic
1143 2661 1316 2745 Myriscum
1352 2679 1353 2716 1

250 2771 383 2835 amicum
408 2789 473 2835 esse
495 2769 598 2846 addit3
621 2771 652 2834 id
673 2773 757 2835 recte
779 2770 891 2834 habere
914 2773 945 2834 et
967 2788 1008 2842 se,
1031 2786 1091 2852 quo
1106 2766 1140 2832 id
1155 2766 1313 2876 pertineat,
1353 2778 1356 2834 l

251 2876 428 2960 intelligere
450 2878 547 2942 altera
568 2894 698 2959 persona
720 2877 846 2942 subiicit
869 2875 991 2958 (καλῶς
1014 2877 1142 2961 λέγεις).

351 3091 385 3154 Ρ.
402 3091 463 3152 345
478 3091 515 3156 d:
543 3086 660 3177 λαβαίν
674 3087 755 3157 ὅλον
772 3088 845 3169 (τόν
861 3088 977 3179 ἰχθῦν)
993 3085 1011 3157 ὁ
1027 3086 1152 3176 Ζήνων
1170 3083 1241 3155 α’πό
1258 3079 1314 3152 τοῦ
1354 3135 1356 3198 ρ

251 3199 395 3272 πίνακος
417 3195 488 3272 οἶος
508 3187 552 3284 ἦν
576 3201 782 3266 κατεσθίειν.
831 3200 924 3283 Apud
939 3201 1027 3284 Diog.
1043 3199 1145 3263 Laeit.
1163 3195 1246 3274 (Vll,
1267 3191 1315 3267 19)

252 3306 381 3370 eandem
410 3324 476 3371 rem
505 3310 679 3372 nauantem
707 3308 852 3373 scribitur
880 3305 950 3382 οἷός
982 3301 1010 3372 τ’
1032 3298 1076 3392 ἦν
1109 3307 1312 3371 κατεσθίειν.

250 3412 347 3496 Atqui
369 3430 428 3477 non
451 3413 564 3497 agitur,
587 3419 734 3496 quantam
751 3416 860 3481 edendi
875 3415 1053 3482 facultatem
1067 3413 1150 3478 Zeno
1164 3408 1313 3478 habuerit,

251 3519 306 3585 sed
335 3520 406 3602 quid
435 3521 541 3585 fecerit
566 3523 623 3585 aot
648 3523 758 3587 saltem
790 3524 890 3589 facere
928 3522 1062 3604 coeperit.
1117 3496 1314 3583 Scribeudum
1353 3441 1356 3570 λ

251 3625 382 3690 arbitror
402 3625 484 3707 apud
506 3626 707 3694 Athcnaeum:
731 3625 847 3716 λοβοίν
869 3627 951 3697 ὅλον
973 3623 992 3695 ὅ
1014 3625 1139 3715 Ζήνων
1161 3621 1231 3694 deod
1255 3619 1311 3689 τοῦ
1355 3635 1356 3706 ᾗ

252 3741 408 3814 πίνακος,
432 3732 502 3810 οἷος
523 3727 581 3822 ἦν,
604 3731 841 3821 κατήσθιον
867 3739 1002 3820 („qualis
1025 3737 1217 3821 quantusque
1239 3733 1311 3809 erat,
1351 3723 1356 3843 ί

249 3911 335 3919 n-—.-
349 3912 484 3917 .—.—--

306 4009 332 4077 *)
351 4009 381 4064 P.
392 4009 444 4066 335
462 4027 477 4067 e
496 4027 547 4068 scr.
567 4011 799 4084 ἀδιανοητότερον
819 4006 916 4082 εἶναιῆ
928 4008 998 4101 κατὰ
1009 4008 1059 4078 τὴν
1068 4007 1257 4079 προσηγορίαν
1266 4003 1313 4059 τοῦ

352 4101 458 4171 πατρὸς
476 4125 501 4159 κ.
519 4126 543 4161 τ.
562 4111 584 4163 λ.
