2712 4576
265 258 325 320 100
635 257 695 312 utu.
715 257 750 311 11.
770 257 835 326 usp.
855 257 875 310 1.

223 473 282 520 uon
303 474 394 537 posse
417 456 645 522 Siculorum
675 454 848 537 complures
876 453 1102 530 intellexemut,
1123 451 1163 534 iu
1196 452 1301 516 corri-

168 577 171 584 '
222 562 459 646 gendo-minus
491 562 613 639 felices3
646 581 719 626 uam
751 581 790 625 11
823 580 892 626 cum
921 559 1141 626 uersiculis
1164 557 1299 641 quidem

221 669 292 751 apte
314 671 507 751 comparatur
529 669 625 734 oratio
649 667 846 733 membratim
869 667 960 733 nimis
979 665 1110 732 concisa.
1155 664 1237 730 Mihi
1261 666 1301 728 in

221 775 358 840 mentem
392 776 476 840 venit
506 774 733 849 msiculomn,
771 776 806 838 ut
840 773 1014 839 casularum
1049 770 1158 836 similis
1192 774 1300 836 oratio

221 881 398 948 huiusmodi
421 883 547 948 dicatur.

670 1163 801 1230 Brutus.
812 1163 845 1239 *)

321 1334 419 1416 531:
452 1332 523 1396 His
553 1330 688 1414 (Gorgiae
718 1334 749 1395 et
780 1328 938 1412 sophistis)
972 1327 1165 1411 opposuit
1200 1347 1298 1394 sese

220 1441 424 1511 Socrates,
463 1438 528 1521 qui
566 1436 808 1502 subtilitate
841 1435 1006 1519 quadam
1049 1435 1301 1515 disputandi

219 1546 415 1610 refellere
437 1563 570 1610 eorum
591 1543 792 1608 instituta
813 1541 1138 1608 1111111111111.
1161 1541 1299 1607 Huius

220 1669 262 1713 ex
283 1650 503 1714 uberrimis
526 1649 779 1714 sermonibus
807 1649 1047 1714 exstiterunt
1069 1647 1300 1713 doctissimi

218 1755 297 1820 uiri
334 1757 391 1820 cet.
439 1755 618 1822 Ablativum
655 1755 790 1820 verbis
827 1774 951 1837 prorsus
987 1754 1097 1820 vitiose
1133 1753 1300 1820 abundare

218 1863 390 1944 praesertim
405 1866 474 1945 post
493 1863 557 1939 illa,
574 1882 642 1946 quae
658 1863 844 1946 praecedunt,
861 1860 1104 1926 subtilitate
1120 1861 1296 1942 quadam

219 1967 475 2052 disputandi,
508 1969 599 2033 multi
631 1969 864 2044 intellexerunt3
899 1968 954 2032 sed
983 1985 1068 2050 aeque
1097 1968 1216 2032 eertum
1245 1973 1301 2035 est

220 2095 281 2142 nou
303 2077 411 2143 debere
434 2075 613 2159 simpliciter
635 2075 704 2140 tolli
725 2074 920 2152 vocabulum,
944 2074 1024 2158 quod
1047 2091 1101 2139 cur
1116 2075 1184 2157 quis
1201 2077 1298 2143 addi-

218 2183 306 2258 derit,
335 2203 371 2246 ne
398 2183 528 2248 minima
557 2181 680 2264 quidem
712 2200 805 2247 causa
831 2181 905 2264 fingi
926 2182 1036 2264 possit,
1058 2181 1150 2264 atque
1173 2184 1231 2248 sub
1258 2203 1297 2250 ao
1352 2245 1353 2277 ,

219 2287 303 2352 aliud
328 2289 433 2353 latere.
481 2289 556 2355 Veri
577 2287 744 2370 vestigium
768 2288 915 2370 attigerat
937 2287 1081 2361 Orellius,
1103 2289 1155 2370 qui
1177 2288 1296 2355 adver·
1351 2332 1352 2374 ,

217 2393 302 2459 bium
335 2395 374 2459 ad
408 2395 542 2461 Socratis
574 2394 734 2459 refellendi
767 2394 897 2458 formam
932 2393 1098 2458 notandam
1130 2394 1294 2477 pertinens
1350 2411 1351 2468 l

218 2501 342 2566 subesse
365 2500 538 2583 suspicatus
561 2503 623 2575 111;
654 2500 710 2565 sed
741 2500 822 2584 quod
843 2499 1115 2565 urbanissime
1137 2501 1293 2583 seriptum
1349 2497 1350 2563 l

216 2604 310 2670 fuisse
346 2605 486 2681 coniecit,
521 2607 611 2670 nimis
644 2625 662 2670 a
694 2606 833 2671 codicum
862 2605 1016 2686 scriptura
1038 2604 1179 2685 discedit,
1203 2624 1295 2690 quae·

218 2729 349 2792 eumque
372 2711 563 2794 excogitatur
584 2709 764 2792 superlativi
787 2710 891 2776 forma.
919 2710 1024 2796 Longe
1046 2711 1236 2794 probabilius
1254 2733 1293 2780 ex

217 2818 380 2882 solebat
400 2815 536 2882 verbis
559 2815 691 2882 eflicitur
717 2817 875 2883 solebat
896 2815 1053 2884 omnbius.

317 2944 396 3010 lbid.
421 2947 477 3010 46:
511 2946 654 3029 ltaque
687 2946 745 3010 ait
777 2945 1045 3026 Aristoteles,
1079 2968 1162 3014 cum
1192 2953 1292 3018 sub-

215 3050 316 3116 latis
346 3051 386 3116 in
416 3051 563 3118 Sicilia
592 3052 778 3136 tyrannis
807 3072 870 3118 res
892 3053 1060 3135 privatae
1082 3054 1290 3140 lougoin-

214 3157 392 3223 teruallo
434 3158 604 3223 iudiciis
640 3161 944 3240 repeterentur,
987 3161 1068 3225 tum
1103 3163 1288 3243 primum,

215 3265 316 3348 quod
339 3267 441 3330 asset
462 3266 577 3330 acuta
598 3264 674 3329 illa
698 3284 789 3349 gens
811 3265 849 3330 et
871 3269 1137 3332 controversa
1153 3269 1287 3344 (codices

265 3534 291 3602 *)
309 3533 388 3588 Bruti
406 3532 515 3588 codices
540 3539 650 3588 constat
672 3549 766 3588 omnes
787 3534 854 3590 satis
874 3543 1211 3607 111111111111,1111ο
1232 3540 1282 3594 ali·

314 3640 368 3692 quo
396 3624 549 3695 antiquiore
577 3625 721 3696 derivatos,
746 3628 868 3683 1111111
887 3629 965 3685 novis
984 3630 1158 3686 describendi
1175 3633 1283 3688 mendis

313 3720 341 3768 11
371 3717 523 3786 corrigendi
551 3719 694 3774 conatibus
720 3720 838 3777 differre.
883 3722 982 3792 Itaque
1000 3725 1118 3795 vestigia
1134 3727 1283 3782 remotiora

313 3807 441 3864 subtilius
458 3811 641 3881 persequendi
654 3813 732 3868 nulla
744 3819 786 3869 eat
798 3814 923 3870 facultas.
952 3815 1019 3883 Quae
1031 3818 1077 3874 hic
1089 3825 1283 3888 proponuntur

312 3901 524 3973 emendationes,
541 3904 598 3960 lere
618 3922 712 3961 omues
734 3907 869 3977 evulgatae
887 3908 942 3964 iam
961 3916 1025 3964 suut
1037 3911 1065 3964 11
1077 3910 1149 3966 libro
1165 3911 1280 3965 Hauniae

312 4011 336 4048 a.
356 3994 425 4050 1879
444 3996 516 4051 edito
535 4003 563 4051 et
586 3998 627 4052 sic
649 3999 794 4070 inscripto:
824 4003 873 4054 Det
899 4005 1180 4072 philolopr‘ak·lrietorr'ske
1209 4003 1279 4056 Sam·

304 4088 387 4153 sunder
407 4089 574 4157 Mindrrlcrr'st‚
590 4107 617 4158 p.
638 4091 689 4145 166
708 4106 769 4159 sqq.
