2712 4576
297 226 358 290 m
662 227 917 298 mmmm

355 423 511 490 Ibid.104
536 424 579 501 (in
600 425 752 510 epilogc):
775 424 1159 492 habetishominem
1181 423 1331 509 singu·

254 530 334 596 lari
365 532 534 613 pudore,
560 532 717 597 virtute
749 531 913 614 cognita
942 536 980 598 et
1008 531 1196 614 spectata
1227 530 1330 607 fide,

254 637 500 720 amplissimi
523 657 563 704 se
585 637 713 704 tutire
735 636 891 704 nornine
913 640 1063 717 tocius,
1091 638 1329 720 inutraque

254 746 419 811 fortuna
450 744 656 828 cognitum
690 743 833 810 multis
865 743 995 828 signis
1024 745 1064 810 et
1090 744 1269 810 virtutis
1292 746 1329 810 at

254 851 535 918 humanitatis.
593 852 643 916 lta
672 852 819 934 scripturn
849 853 898 916 est
925 847 957 913 in
986 869 1047 916 unc
1069 869 1105 916 ex
1126 851 1252 918 duobus
1275 870 1328 934 op-

254 957 341 1024 timis
363 959 520 1025 codicibus
543 959 635 1041 atque
658 957 724 1022 sine
752 956 845 1023 dubio
875 956 970 1022 etiam
1000 958 1032 1021 in
1054 957 1205 1036 altero.*)
1253 957 1326 1038 Quae

253 1066 381 1132 tentatae
402 1065 475 1130 sunt
497 1064 711 1142 correctiones,
734 1064 845 1129 omitto
867 1067 959 1148 atque
978 1063 1037 1129 boo
1052 1082 1146 1128 unum
1163 1063 1325 1141 admoneo,

253 1189 378 1252 prorsus
412 1190 555 1254 perverse
597 1170 658 1236 dici
694 1169 950 1253 amplissimo
985 1170 1116 1236 totius
1153 1171 1326 1235 Etruriae

254 1277 429 1356 nomine,
452 1281 488 1343 ut
509 1276 698 1361 significetur
721 1277 812 1342 homo
826 1295 953 1360 maguae
974 1269 1153 1342 in'Etruria
1177 1277 1272 1342 samae
1295 1283 1325 1343 et

254 1383 426 1468 dignitatis,
448 1402 486 1448 ne
508 1384 608 1449 dicam
632 1401 731 1466 neque
753 1383 914 1462 Oaecinam,
949 1383 1048 1466 qualis
1083 1385 1150 1448 tola
1182 1383 1323 1449 oratione

254 1489 446 1575 significetur
467 1508 502 1555 ac
524 1489 724 1566 describatur,
754 1488 980 1572 amplissimum
1002 1489 1160 1555 hominem
1183 1490 1323 1556 Romana

254 1597 474 1662 consuetudine
495 1596 644 1679 appellari
665 1598 804 1678 potuisse
825 1615 924 1680 nequa
938 1596 1095 1662 Etmriam
1110 1595 1168 1662 hoe
1182 1597 1322 1680 tempore

254 1722 326 1769 suos
348 1701 502 1783 habuisse,
525 1702 608 1768 intra
630 1721 707 1786 quos
728 1721 841 1768 nomen
860 1702 1090 1786 auctoritasque
1105 1701 1320 1776 contineretur,

252 1811 338 1878 fines.
399 1809 504 1876 Cicero
540 1811 679 1894 scripsit:
717 1809 990 1892 amplissimis
1022 1811 1133 1876 vetere
1166 1812 1321 1876 nomine

252 1915 400 2002 negotiis.
444 1915 596 1982 Caecinam
628 1935 752 2001 prorsus
781 1916 831 1991 iis,
860 1935 928 2000 quae
957 1934 1011 1998 per
1034 1917 1133 1982 tetam
1155 1917 1319 1983 orationem

253 2035 359 2107 sparsa
381 2025 462 2102 sunt,
484 2022 606 2089 indiciis
628 2013 844 2089 convenienter
865 2022 1021 2089 bominem
1043 2024 1199 2110 significat
1220 2025 1320 2105 ampla

252 2133 284 2196 et
305 2129 370 2196 late
393 2130 504 2194 diffusa
524 2129 650 2214 negotia
671 2128 854 2208 (fenerandi,
878 2130 1010 2209 emendi,
1033 2130 1201 2209 vendendi)
1216 2132 1317 2195 vetere

250 2239 282 2302 et
311 2235 439 2302 honesto
475 2236 599 2302 nomine
629 2235 735 2318 (ubter
765 2237 849 2301 einer
877 2237 958 2302 alten
987 2237 1119 2320 Firma)
1150 2239 1317 2322 gerentem.

165 2425 167 2429 f
251 2343 357 2409 Mendi
379 2343 502 2409 initium
523 2343 640 2408 facturn
663 2345 711 2408 est
731 2343 845 2407 litteris
867 2362 912 2408 ne
934 2345 1031 2409 semel
1052 2343 1316 2422 scribendarum

250 2450 298 2516 bis
334 2452 426 2516 scribi
463 2451 611 2515 deberent
647 2450 981 2532 (nominegotiis).'
1040 2450 1216 2536 Vestigium
1254 2451 1316 2515 veri

250 2557 366 2622 mansit
402 2558 434 2621 in
472 2555 744 2639 amplissimis
779 2556 1039 2639 (amplissimi
1071 2563 1110 2634 s).
1169 2559 1251 2623 Ante
1283 2575 1316 2619 aa

250 2665 368 2746 uerba,⁴
391 2681 458 2746 qnae
495 2663 546 2728 hic
581 2662 821 2742 emendavimus,
855 2663 921 2728 baec
952 2664 1118 2748 leguntur:
1156 2663 1314 2729 habetis

250 2769 446 2834 hominem
480 2768 689 2852 singulari
720 2769 885 2850 pudore,
918 2771 1074 2836 virtuto
1096 2771 1314 2854 cognitaet

251 2869 440 2955 spectata
461 2873 553 2939 side.
609 2873 747 2940 Offendit
768 2873 819 2940 hic
841 2896 901 2940 non
924 2879 1025 2942 solum
1047 2879 1086 2944 et
1106 2876 1218 2943 vitiose
1239 2875 1313 2939 inler-

250 2977 420 3045 seenndum
453 2984 485 3046 et
516 2981 645 3046 tertium
676 2983 850 3047 membrum
881 2982 1109 3066 interpositum,
1140 3003 1210 3049 eum
1238 2983 1312 3047 iuter

249 3085 384 3169 primum
406 3086 438 3151 et
458 3087 590 3152 alterum
612 3087 696 3153 nulla
719 3087 932 3170 interponatur
953 3090 1136 3168 coniunctio,
1160 3090 1193 3155 et
1207 3086 1310 3154 deinde

250 3191 323 3258 ordo
345 3196 508 3260 verberum
540 3212 660 3277 pravus,
694 3193 747 3278 qui
779 3196 912 3277 primum
946 3195 1085 3261 audienti
1122 3198 1177 3261 aut
1205 3191 1310 3279 legenti

250 3317 384 3366 errorem
416 3298 523 3366 obiicit
556 3301 726 3378 (virtute
757 3302 921 3385 cognita
943 3305 981 3366 et
1002 3302 1188 3384 spectata
1210 3300 1306 3376 fide).

304 3603 330 3670 *l
348 3604 391 3657 Ex
420 3605 478 3659 eod.
508 3605 708 3672 Tegernseensi
734 3606 883 3674 profertur:
916 3605 1115 3674 amplissimi
1146 3609 1251 3664 totins
1280 3620 1306 3660 se

349 3696 417 3751 turi
444 3713 479 3752 re
506 3698 651 3766 nomine;
682 3715 777 3754 verum
805 3701 911 3755 totius
940 3699 1022 3754 etiam
1048 3699 1077 3753 in
1103 3699 1190 3756 infimi
1217 3699 1305 3771 gradus

350 3788 498 3858 codicibus,
525 3791 571 3858 qui
600 3788 743 3847 Etruriae
768 3809 802 3848 ex
824 3792 1037 3862 interpolatione
1058 3793 1190 3862 scriptum
1207 3793 1305 3855 habent,

350 3887 474 3936 servatur
500 3890 565 3952 post
592 3885 730 3941 nomine.
777 3886 830 3954 Qui
851 3886 909 3942 cod.
930 3885 1163 3955 Tegernseensem
1181 3901 1242 3942 cum
1259 3883 1304 3939 edi·

348 3975 424 4030 tione
443 3976 536 4044 aliqua
555 3977 677 4046 eontulit,
705 3980 733 4032 in
757 3995 811 4049 qua
834 3986 909 4035 esset
935 3980 1042 4035 totius
1069 3980 1229 4050 Etruriae,
1254 3993 1303 4033 rer·

348 4067 444 4121 borum
463 4069 584 4124 ordinem
602 4069 724 4125 indicare
743 4072 845 4126 oblitus
863 4079 912 4128 est
