2728 4582
308 255 347 317 78
586 323 591 330 ²
680 257 740 310 Lib.
760 257 783 311 1.
803 259 866 325 sap.
885 257 920 310 V.
984 320 987 326 1

265 451 325 517 orit
347 451 543 536 elegantique
563 453 697 536 imagine
713 452 900 534 exprimetur
916 453 1061 518 restituta
1076 469 1149 517 vera
1164 449 1325 530 scriptura:

266 558 459 632 ττοιῶνας
482 555 716 625 κινιλυνειίουσι
732 572 803 632 τοῖς
822 572 949 632 κοινοῖς
960 563 1134 645 γενέσθαι,
1151 555 1326 621 medicinam

266 667 297 730 et
318 664 454 730 remedia
475 665 629 731 adhibere.
653 666 786 744 (Vitium
810 668 973 732 senserunt
987 663 1276 747 Schweighauserus
1297 661 1325 723 st

265 771 541 847 Mendelssohnius‚
565 772 810 838 emendationem
835 790 895 836 non
917 770 1121 843 invenerunt.)

367 948 444 1015 ibid.
466 949 526 1010 81:
559 948 613 1014 καί
646 943 665 1014 ὁ
698 952 829 1033 Δέκμος
857 947 1033 1014 ἐπίστελλε
1063 943 1105 1033 τῇ
1128 943 1238 1032 βουλῇ
1271 937 1327 1008 τόν

265 1047 455 1123 ’Λντώνιον
488 1048 666 1140 άλαίμενον
699 1048 942 1142 κυνηγετήσειν
977 1051 1146 1118 ναυτικῶν
1174 1076 1239 1135 περ
1267 1047 1326 1136 ἤδη

263 1155 466 1248 γεγονότων.
510 1170 606 1228 οἵτε
643 1163 868 1247 Πομπηΐανοί
906 1157 1106 1245 πυθόμενοι
1136 1159 1326 1244 θαυμαστοί

265 1265 338 1335 ὅσοι
372 1264 594 1354 διεφάνησαν,
628 1268 816 1354 ἐκβοῶντες
848 1264 925 1352 άρτι
958 1261 1023 1352 την
1056 1262 1203 1350 πάτριον
1236 1267 1324 1330 ἐλευ-

264 1375 390 1461 θερίαν
413 1370 645 1458 ἀπειληφέναι.
680 1376 734 1440 καί
758 1374 879 1441 θυσίαι
902 1367 983 1440 καθ’
1005 1383 1064 1439 ἕνα
1088 1362 1177 1458 ἦσαν
1200 1397 1227 1438 κ.
1251 1399 1278 1440 τ.
1300 1373 1324 1438 λ.
1350 1449 1351 1462 ¹

265 1481 362 1546 Sensu
394 1501 515 1566 prorsus
548 1501 634 1547 cassa
667 1501 733 1546 esso
767 1482 869 1564 verba,
898 1501 966 1564 quae
996 1483 1067 1564 post
1089 1472 1325 1565 κυνηγετήσειν

177 1642 179 1647 .
265 1591 426 1670 ponuntur,
451 1588 647 1652 manifestum
680 1592 728 1652 est
760 1606 858 1669 neque
880 1590 942 1653 'aut
964 1587 1002 1651 de
1019 1600 1199 1659 ναυτικοῖς
1221 1589 1274 1651 aut
1294 1585 1326 1649 de

265 1693 415 1774 particula
436 1694 556 1774 poetica
578 1696 639 1779 πέρ
662 1694 788 1759 verbum
813 1693 925 1758 addere
949 1713 1025 1776 opus
1048 1697 1105 1758 est.
1160 1692 1273 1758 Ulcera
1292 1690 1325 1754 ad

265 1800 397 1881 speciem
420 1799 603 1882 gravissima
625 1799 782 1866 facillimis
804 1799 948 1864 remediis
965 1802 1156 1867 sanabuntur
1170 1797 1324 1864 sententiis

265 1904 377 1969 rectius
413 1905 567 1970 distinctis
596 1911 629 1970 ot
660 1906 835 1970 litterarum
869 1907 1077 1990 geminatione
1107 1907 1139 1970 et
1161 1906 1325 1970 confusione

264 2010 394 2076 sublata.
439 2011 610 2094 scripserat
631 2012 713 2076 enim
735 2013 913 2094 Appianus:
950 2007 1113 2099 Πλάγκος
1143 2011 1178 2078 δὲ
1207 2035 1325 2096 προσε-

264 2120 378 2204 γένετο
406 2112 495 2202 γιετά
523 2117 585 2184 τοῦ
617 2118 745 2184 οἰκείου
779 2118 937 2203 στρατοῦ,
972 2121 1025 2185 καί
1055 2117 1228 2202 ὁΔὲκγιος
1258 2120 1325 2183 trot-

267 2226 381 2290 στελλε
396 2251 439 2314 τη
453 2227 565 2314 βουλῇ
587 2219 649 2292 τάν
670 2217 859 2292 ’Λντώνιον
881 2219 1059 2309 α’λάμενον
1081 2218 1323 2313 κυνηγετήσειν.

265 2325 421 2397 αὐτίκα
456 2327 506 2404 αῖς
538 2333 638 2414 περί
675 2329 740 2417 tirio]
768 2324 959 2419 γεγονότων
991 2339 1082 2398 οἵτε
1109 2332 1324 2418 Πομπηιανοὶ

264 2431 462 2522 πυθόμενοι
485 2440 684 2522 θαυμαστοί
708 2435 780 2519 ὅσοι
806 2433 1015 2524 διεφάνησαν
1038 2485 1109 2515 ...,
1123 2441 1186 2520 ¹orori
1210 2439 1323 2505 θυσίαι

266 2537 347 2611 καθ’
368 2553 427 2612 ἕνα
450 2535 553 2630 ἦσαν
578 2538 725 2617 (Αὐτίκα
749 2548 874 2610 subesse
891 2533 1028 2613 senserat
1043 2547 1102 2612 iam
1119 2545 1324 2630 Tyrwhittusl

365 2709 402 2784 V,
426 2708 482 2772 21:
506 2713 538 2773 οἱ
561 2709 594 2774 δὲ
617 2711 754 2784 ἐξέθεον
777 2700 1062 2782 scotomaticos
1088 2707 1136 2794 (L.
1154 2712 1323 2784 Antonium,

264 2815 419 2879 triumviri
457 2813 597 2899 fratrem)
632 2815 688 2881 καί
720 2809 941 2900 παρεκάλουν
975 2818 1134 2899 οἰκτεῖραι
1173 2819 1240 2901 μὲν
1275 2817 1322 2881 ε’τιί

263 2935 335 2995 τοῖς
357 2921 535 3007 ἐμφυλίοις
556 2917 621 3005 τήν
643 2917 747 2988 πόλιν
770 2924 824 2989 καί
848 2919 913 3006 την
935 2915 1099 2996 Ἰταλίαν,
1118 2921 1279 2998 δέξασθαι
1295 2923 1322 2988 δὲ

264 3023 429 3094 κοινωνὸν
451 3015 476 3114 ᾧ
497 3021 561 3114 τήν
585 3029 694 3114 κρίσιν
715 3023 738 3115 ἢ
762 3031 818 3096 troi
843 3031 938 3115 σφῶν
959 3024 1052 3115 rieul
1069 3029 1137 3095 τῶν
1151 3024 1323 3116 ἡγεμόνοιν

263 3140 436 3222 γενέσθαι.
481 3135 588 3220 Neque
611 3137 684 3220 quid
707 3136 750 3201 sit
773 3137 933 3212 δέξασθαι
958 3127 1131 3208 κοινωνόν,
1156 3155 1321 3221 nequaque

261 3241 415 3324 pertineat
436 3242 559 3306 dativus
580 3243 780 3324 pronominis,
807 3261 907 3327 neque
929 3241 1189 3326 quemadmodum
1212 3243 1321 3325 superi-

262 3350 363 3413 oribus
386 3349 591 3432 adiungantur
611 3350 704 3414 verta
725 3344 795 3434 την·
806 3351 915 3434 κρίσιν
928 3354 1103 3436 γενέσθαι,
1126 3347 1197 3412 nlla
1211 3350 1321 3413 ratione

262 3455 454 3538 perspicitur.
498 3455 672 3521 Lenissima
694 3457 862 3522 mutatione
879 3456 1012 3521 eflicitur
1026 3474 1134 3521 uerum
1148 3458 1180 3518 et
1196 3458 1320 3518 rectum:

263 3546 424 3636 δέξασθαι
448 3561 482 3626 δὲ
505 3562 633 3648 κοινῷ
657 3555 771 3649 νόμῳ
794 3557 860 3648 τήν
883 3564 992 3648 κρίσιν
1012 3556 1110 3648 ‘disti
1128 3560 1222 3646 σφῶν
1236 3555 1258 3644 ἢ
1273 3559 1319 3624 rur

262 3667 329 3732 τών
351 3659 532 3752 ἡγεμόνων
546 3667 724 3755 ystrio-loco:
741 3670 993 3752 permittereque
1007 3668 1156 3734 iudicium
1175 3663 1319 3732 communi

262 3776 293 3838 et
323 3793 410 3856 aequa
441 3774 510 3856 lege
535 3775 590 3839 ant
611 3777 692 3858 opud
713 3777 797 3859 ipsos
819 3781 873 3840 aut
894 3775 978 3858 apud
998 3777 1089 3840 duces
1111 3764 1227 3858 peragi.
1277 3771 1319 3855 (ln

261 3880 345 3946 idem
366 3882 510 3954 incidisse
526 3881 809 3948 Mendelssohnium
832 3900 917 3947 nuno
934 3880 1034 3955 video,
1056 3879 1111 3958 sed
1133 3878 1318 3945 dubitantem

261 3986 293 4051 et
312 3986 540 4070 fluctuantem.)
597 4035 600 4042 .
1107 4009 1109 4014 ·
