2740 4572
16 203 18 282 l
292 266 354 321 Lib.
372 267 405 320 11.
425 265 490 336 Cup.
509 266 556 321 IV.
593 266 735 323 Cornelius
753 265 853 336 Nepos.
1005 267 1066 332 205

15 401 253 547 lcomnngenda
286 481 353 528 osse
387 481 455 527 cnm
492 463 646 528 sententia
680 463 752 529 illa:
789 464 922 530 cnivis
958 467 1015 530 cet.
1073 465 1110 529 In

43 568 251 652 superioribus
284 567 409 651 quidem
443 567 517 633 vitis
550 568 636 634 nulla
669 569 800 636 minima
828 571 919 636 buius
948 570 1109 636 sententiae

15 721 17 850 ἱ
43 674 228 762 significatio
249 675 306 739 est.

15 853 16 864 χ
142 780 254 847 Chabr.
280 782 314 844 l:
346 779 521 862 Namque
553 780 592 846 in
624 799 667 845 eo
694 781 829 864 (pruelio)
858 783 1037 849 uictoria
1058 782 1111 846 si-

45 889 205 952 dentem
227 886 839 971 summumducemAgesilaum,
855 888 1010 972 fugatis
1033 888 1110 953 ium

45 995 153 1059 abeo
177 991 454 1058 conducticiis
483 992 680 1069 cateruis,
711 993 908 1077 reliquam
938 993 1110 1076 phalan-

15 1133 16 1156 1
44 1119 126 1183 gem
159 1100 249 1164 loco
283 1098 417 1163 vetuit
449 1099 590 1164 cedere
611 1100 834 1183 obnixoque
855 1119 958 1184 genu
979 1101 1109 1178 scuto,

44 1205 228 1287 proiecta
256 1204 373 1268 hesta
402 1203 593 1286 impetum
625 1205 814 1287 excipere
844 1206 1023 1272 bostium
1044 1207 1110 1272 do-

46 1311 137 1377 cuit.
184 1310 233 1375 Sic
255 1308 386 1387 codices,
409 1308 469 1375 nisi
491 1311 571 1395 qnod
598 1331 652 1394 pro
681 1313 719 1376 in
749 1330 791 1376 eo
820 1312 883 1378 fore
909 1311 947 1375 in
971 1331 1014 1378 ea
1035 1313 1111 1379 seri·

14 1449 15 1500 p
46 1417 127 1482 bitur
159 1417 336 1498 pronomine
368 1416 406 1480 ad
439 1435 550 1482 nomen
577 1436 709 1501 sequens
738 1419 979 1483 accommodato.
1023 1417 1111 1499 Quod

47 1523 214 1589 Lambinus
250 1522 413 1587 substituit
448 1522 601 1606 ceterique
636 1524 699 1588 lere
736 1525 911 1602 tenuemnt
953 1524 1113 1590 fidente

47 1648 195 1694 summo
218 1628 316 1694 duce
335 1628 545 1713 Agesilao,
564 1647 688 1710 prorsus
703 1630 901 1695 temerariam
917 1631 1010 1696 babet
1024 1649 1112 1697 casus

48 1737 74 1798 in
111 1736 260 1819 quattuor
291 1735 465 1802 nominibus
499 1736 710 1800 mutationem.
765 1733 825 1815 Qui
858 1756 956 1819 nuper
984 1738 1110 1802 verbnm

48 1842 168 1907 linitum
196 1840 392 1918 addiderunt.
425 1846 480 1906 ant
511 1843 698 1907 structuram
727 1843 874 1912 orationis
895 1844 1114 1925 perturbarunt

47 1949 97 2012 ant
119 1947 161 2012 ad
184 1966 253 2012 eam
275 1945 456 2012 servandam
478 1946 566 2029 plura
594 1947 721 2013 licenter
742 1948 929 2014 addiderunt
951 1957 1007 2027 (oo
1029 1950 1113 2014 iru-

50 2055 206 2119 strutns
228 2056 305 2131 est,
329 2054 431 2136 quod
454 2053 538 2131 cett
559 2052 737 2136 Requiritur
753 2054 950 2137 participium
967 2057 1114 2133 activum,

52 2159 232 2242 videturque
265 2159 415 2241 scriptum
447 2157 519 2225 olim
553 2159 666 2224 luisse:
709 2160 884 2226 victoria
917 2159 1112 2225 fidentem

51 2266 245 2349 <videus>
267 2285 459 2331 summum
488 2263 625 2331 ducem
660 2265 892 2348 Agesilaum
914 2266 1115 2331 ...reli-

52 2391 162 2454 quam
184 2372 425 2455 phalangem
447 2372 533 2438 loco
556 2371 690 2438 vetnit
711 2372 852 2438 cedere
874 2373 933 2437 cet.
1141 2355 1143 2360 ¹

148 2490 528 2572 Timoth.3:Populus
550 2509 657 2568 acer,
680 2490 869 2570 suspicax
890 2490 936 2554 ob
952 2507 1115 2572 eamque

53 2615 127 2660 rem
163 2596 343 2670 mobilis,
376 2595 653 2672 adversarius,
689 2595 855 2660 invidus
888 2595 1011 2659 etiam
1047 2614 1114 2678 po-

52 2703 189 2767 tentiae
212 2703 252 2767 in
274 2702 423 2767 crimen
440 2700 860 2769 vocabanturdomum
876 2702 1115 2767 revocatcet.

53 2808 85 2872 Iu
117 2808 187 2874 loco
221 2810 327 2890 aperte
358 2812 500 2891 corrupto
534 2808 628 2873 nimis
661 2807 752 2873 docile
779 2825 815 2873 aa
842 2811 971 2872 temere·
987 2809 1019 2872 et
1042 2807 1115 2873 olim

53 2914 182 2980 editores
217 2916 249 2979 et
280 2933 376 2996 nuper
406 2914 535 2980 delendo
563 2932 596 2980 se
625 2913 767 2996 expedire
797 2913 901 2979 conati
928 2918 1001 2980 sunt
1021 2932 1058 2980 ao
1079 2933 1117 2978 ne

55 3020 95 3085 sic
117 3020 245 3104 quidem
268 3020 460 3087 tolerabilem
487 3019 635 3086 orationis
657 3022 689 3085 et
710 3021 872 3085 sententiae
893 3020 1023 3084 formam
1047 3020 1117 3086 effe-

55 3131 167 3193 cemnt.
215 3126 373 3192 Mobilitas
396 3126 500 3208 populi
522 3143 644 3209 prorsus
666 3143 807 3208 perverse
828 3126 967 3191 hocloco
984 3145 1118 3190 comme-

56 3238 195 3312 moratur,
217 3234 270 3298 nbi
292 3233 410 3317 reliqua
431 3233 536 3298 omnia
551 3232 590 3298 ad
606 3249 697 3296 unam
718 3229 907 3297 iracundiam
924 3235 955 3294 et
969 3231 1117 3296 invidiam

13 3367 15 3394 t
56 3340 217 3405 notandam
240 3340 410 3422 pertinent;
441 3339 496 3405 sed
526 3337 599 3422 quid
626 3338 659 3402 in
686 3337 800 3402 litteris
822 3334 987 3400 mobilis
1010 3335 1118 3412 lateat,

13 3483 14 3514 r
58 3445 189 3510 ostendit
210 3444 442 3510 adversarii
464 3444 664 3518 vorabulnmr
694 3443 857 3509 manifesto
883 3439 967 3506 enim
988 3442 1120 3523 populus

13 3543 14 3616 l
57 3554 134 3616 certo
179 3551 300 3616 cuidam
344 3551 506 3616 hominnm
548 3551 652 3633 generi
688 3547 881 3632 adversarius
917 3547 1119 3629 significatur.

58 3655 171 3722 Deinde
191 3657 284 3723 verba
300 3658 339 3724 in
357 3660 506 3723 crimen
526 3657 773 3722 vocabantur
787 3657 892 3736 aperte
906 3655 1063 3736 pertinent
1079 3653 1120 3720 ad

13 3771 14 3840 ξ
58 3759 248 3829 Timotheum
264 3764 297 3828 et
306 3763 503 3846 Iphicratem.
514 3759 721 3828 'scabendum
734 3761 830 3845 igitur
838 3759 877 3824 ad
885 3760 965 3825 banc
977 3761 1123 3826 formam:

13 3929 15 3968 ἱ
59 3867 233 3952 Populus
251 3889 358 3948 acer,
378 3870 566 3954 suspicax
596 3869 641 3934 ob
674 3885 839 3951 eamque
860 3884 939 3930 rem
960 3864 1121 3932 nobilibus

59 3970 1121 4056 adversarius‚·invidusetiampotentiae<osrumqui>

59 4077 263 4148 incrimen
284 4083 547 4159 vocabantur,
571 4082 724 4148 domum
748 4078 920 4144 revocat.
955 4078 1000 4141 De
1022 4077 1122 4157 priore
