2740 4572
272 199 388 278 m,
631 197 896 267 mmmm

231 395 486 476 praeraptam,
514 395 619 462 illud
642 393 745 478 apud
767 412 836 459 uos
858 395 1133 479 numquam-iri
1155 411 1304 475 accep·

231 503 312 564 tum
333 498 483 580 fretus,
507 502 608 586 quod
628 499 823 567 asseritis
846 547 854 563 .
877 545 896 577 .‚
919 501 1032 566 nullo
1060 500 1305 566 discrimine
1355 537 1356 552 η

231 607 289 672 cet.
333 606 401 684 (Iri
428 610 636 691 acceptum
666 625 721 689 pro
744 595 794 684 eo,
824 607 905 689 quod
931 611 979 674 est
1000 609 1209 690 acceptum
1233 606 1307 681 iri,

230 712 431 778 Ammianum
448 712 563 780 dixisse
589 715 681 795 puto;
712 714 742 777 in
765 712 865 778 activa
890 713 987 778 forma
1009 714 1066 777 ire
1088 712 1217 778 ultum
1238 713 1306 776 iam
1355 692 1356 720 ¹

233 819 351 884 veteres
373 819 535 896 dixerunt.)

333 931 1310 1017 Lib.XVIll‚l‚3:‘unumtamensufiicietponi,ad
1355 973 1356 982 κ

231 1044 347 1108 cuius
369 1042 690 1109 similitudinem
717 1046 807 1108 acta
829 1042 892 1106 rel
914 1041 1027 1107 dicta
1049 1041 1149 1106 sunt.
1200 1040 1310 1104 Mani·

233 1149 312 1213 sesto
343 1149 431 1215 deest
463 1149 621 1214 sententiae
654 1147 791 1213 relative
823 1148 1008 1225 subiectum,
1041 1147 1122 1231 quod
1153 1144 1311 1212 facillime

234 1265 356 1319 eruetur
389 1274 424 1320 ex
457 1254 619 1320 simillima
651 1271 740 1319 voce:
773 1253 818 1319 ad
846 1253 961 1320 cuius
983 1251 1311 1318 similitudinem
1355 1263 1356 1288 ³

232 1361 384 1442 <alia>
405 1363 491 1426 acta
512 1362 575 1425 vel
594 1360 704 1424 dicta
727 1360 829 1425 sunt.
861 1358 928 1439 [Sic
948 1359 1012 1426 iam
1032 1358 1272 1438 walcandus]
1355 1423 1356 1426 ,

337 1466 413 1532 lbid.
448 1470 484 1539 4,
520 1467 556 1531 3:
594 1467 764 1531 mercari
799 1467 1027 1549 complures
1063 1466 1313 1530 nitebantur
1355 1507 1356 1548 ᾖ

236 1572 405 1637 Eusebii
427 1572 622 1646 favorem,
638 1571 818 1638 cubiculi
839 1568 939 1638 tunc
957 1571 1185 1654 praepositi,
1204 1570 1313 1653 apud

235 1696 364 1760 quem,
398 1679 430 1742 ei
463 1697 555 1743 rere
588 1678 669 1743 dici
698 1678 859 1755 debeat,
884 1679 1011 1743 multa
1033 1676 1312 1743 Constantius
1355 1711 1356 1716 κ

235 1785 389 1864 potnit,
424 1784 515 1848 aute
552 1783 656 1848 dicti
690 1783 882 1867 magistri
915 1784 1094 1867 equitnm
1128 1783 1309 1849 salutem
1355 1843 1356 1866 ἦ

236 1889 388 1953 acriter
418 1889 702 1974 impugnantis
734 1892 792 1956 cet.
848 1889 987 1956 Ridicule
1015 1890 1184 1972 imperator
1204 1888 1310 1954 multa
1355 1883 1356 1972 j

236 1995 374 2076 potuisse
396 1995 555 2072 (Latinum
578 1998 684 2061 numm
705 1997 861 2060 communi
881 2015 950 2072 usu,
972 2014 1064 2079 aquo
1078 1996 1109 2060 in
1127 1994 1313 2061 huiusmodi
1355 2011 1356 2066 l

238 2102 328 2167 rebus
344 2119 403 2166 non
419 2099 556 2167 deflectit
572 2101 764 2181 Ammianus,
787 2105 834 2167 est
856 2102 1024 2166 multum
1046 2108 1176 2184 posse)
1192 2100 1312 2164 dicitur
1355 2123 1356 2172 r

244 2207 324 2290 apud
357 2208 554 2290 prepositum
589 2206 740 2284 cubiculi;
772 2207 874 2273 ironia
906 2207 1031 2290 quidem
1061 2208 1136 2290 tingi
1165 2207 1313 2271 hocloco
1355 2249 1356 2260 a

239 2313 327 2378 nulla
358 2315 478 2395 potesi;
520 2313 641 2391 deiude,
678 2316 713 2378 ut
745 2313 888 2379 omittam
920 2312 1067 2379 debeat
1099 2332 1153 2396 pro
1187 2312 1314 2377 debet

241 2437 364 2502 prorsus
385 2437 478 2504 preve
500 2417 642 2503 positum,
665 2417 744 2482 nihil
766 2419 824 2498 est,
847 2438 902 2484 cur
923 2421 954 2484 in
972 2420 1031 2484 hac
1046 2437 1109 2484 une
1123 2437 1155 2484 re
1170 2417 1315 2483 renatis
1355 2399 1356 2412 ¹

242 2524 395 2592 excusatio
418 2524 609 2590 adhibeatur.
660 2523 721 2590 Sed
749 2544 816 2589 rem
846 2524 969 2592 conficit
996 2524 1140 2604 codicum
1160 2523 1314 2588 bonorum

240 2630 284 2708 (V
306 2632 344 2708 Ρ)
376 2632 554 2708 auctoritas,
586 2632 618 2696 iu
652 2631 763 2714 quibus
796 2631 841 2696 sic
873 2631 1031 2698 scribitur:
1066 2629 1148 2695 sibi
1178 2628 1312 2693 radici
1355 2659 1356 2702 a

243 2738 389 2802 debeat
424 2742 481 2802 cet.
540 2737 707 2802 Manifesto
745 2737 783 2801 ab
821 2735 986 2802 Ammiano
1023 2737 1148 2800 notatur
1181 2734 1315 2799 Eusebii
1355 2763 1356 2768 κ

243 2842 401 2926 ingenium
434 2842 698 2908 accommodatum
731 2843 770 2907 ad
801 2842 968 2908 acuendam
1006 2841 1103 2924 ipsius
1136 2839 1315 2906 Constantii

245 2949 359 3013 malam
382 2944 533 3012 naturam.
584 2948 740 3030 Scriptum
762 2949 863 3014 iuerat
883 2949 923 3012 ad
945 2948 1024 3036 hanc
1046 2948 1193 3013 formam:
1214 2945 1315 3028 apud

243 3071 373 3137 quem,
411 3053 444 3119 si
480 3052 530 3118 rie
560 3053 650 3120 refici
682 3054 832 3133 debebat,
866 3055 1009 3122 mutuari
1041 3050 1315 3120 constantius

245 3161 389 3242 potuit.
438 3159 479 3224 lit
512 3161 688 3224 mutuari
721 3161 846 3244 quidem
874 3179 996 3243 prorsus
1026 3160 1144 3226 certum
1168 3159 1258 3239 puto;
1281 3158 1314 3220 in

243 3269 353 3332 ceteris
374 3264 453 3332 nihil
474 3269 586 3347 praesto
607 3267 719 3348 praetcr
740 3267 915 3333 universam
937 3264 1134 3331 seutentiam.

345 3371 423 3438 lbid.
447 3374 477 3449 5,
500 3371 536 3438 7:
558 3371 763 3438 Educatus
785 3371 887 3438 euim
910 3372 949 3434 in
972 3371 1102 3436 medio
1122 3371 1166 3434 ut
1186 3387 1314 3434 rerum

243 3480 419 3543 omnium
440 3496 588 3562 gnarus
610 3478 842 3544 auditorum
863 3482 1035 3543 nanctus
1056 3475 1212 3560 vigiles
1233 3493 1316 3540 sen-

244 3603 312 3650 sus
342 3587 380 3648 et
408 3585 562 3650 aurium
594 3582 870 3649 delenimenta
898 3585 1113 3665 captantes
1134 3598 1206 3646 nec
1227 3579 1314 3646 lau·

248 3689 443 3768 dantium,
458 3690 525 3755 ead
541 3690 757 3755 secundum
772 3688 1011 3755 Homericos
1027 3688 1214 3754 Phaeacas
1235 3705 1315 3750 cnm

249 3795 421 3861 silentio
451 3795 741 3860 admirantium
763 3796 821 3860 cet.
871 3793 1066 3860 Constructio
1088 3792 1173 3858 nulla
1196 3794 1260 3868 est;
1282 3812 1316 3858 ca

245 3900 387 3979 efficitur,
413 3899 511 3984 quabs
533 3902 734 3967 Ammiauum
756 3902 852 3979 dccet,
875 3917 937 3964 uua
959 3899 1060 3965 vocali
1080 3897 1203 3964 addita:
1225 3898 1315 3965 audi·

249 4007 377 4073 ionium.
431 4007 569 4072 Nanctus
606 4007 654 4072 eet
686 4005 873 4072 auditorium
906 4006 1064 4071 hominum
1096 4004 1313 4069 admirantium
