2712 4576
278 229 338 293 m
635 227 905 298 mamm

235 427 335 493 tentia
357 426 521 494 manifesto
535 427 690 508 postulate
712 428 751 491 et
780 445 863 492 cum
886 425 984 492 otiam
1006 424 1226 506 Pompeius
1254 425 1321 488 cet.
1344 431 1345 472 ἲ

238 533 391 620 [Orellius
415 519 495 597 1845
518 530 643 616 item]
762 583 766 589 .

209 636 214 644 ’
336 640 415 706 ibid.
444 639 465 725 ξ
494 638 551 703 20:
586 637 747 720 quidam
778 638 961 704 homines
994 639 1033 703 ot
1061 636 1183 703 iidem
1219 637 1345 714 illi,÷

236 764 333 830 quos
365 765 467 828 saepe
501 743 764 830 significatio
796 762 920 826 neque
954 743 1127 826 appello.
1181 743 1230 808 lix
1257 744 1345 808 hac÷

235 852 343 934 primae
376 869 485 918 manus
518 852 670 934 scriptura
699 871 809 917 manus
831 853 930 918 altera
951 849 1163 933 interpolando
1186 849 1321 915 effecit:
1344 887 1345 890 =

236 977 337 1041 saepe
379 961 478 1024 nutu
521 957 919 1042 significationeque
956 955 1129 1040 appello.
1194 955 1345 1039 Neque

235 1069 335 1131 nutu
356 1064 522 1151 significari
545 1063 709 1148 quisquam
731 1065 763 1130 iu
790 1065 920 1147 epistola
935 1064 1038 1146 potest
1059 1073 1157 1146 neque
1180 1061 1321 1147 signi·
1344 1113 1345 1122 ,

235 1171 435 1238 ficatione
467 1170 678 1254 appellari.
733 1171 918 1236 Emendatio
941 1168 1091 1235 facillima
1112 1172 1177 1235 est:
1209 1188 1320 1254 quos

236 1296 337 1360 saepe
359 1276 505 1362 significo
527 1296 652 1360 neque
673 1277 846 1360 appello.

338 1383 416 1449 lbid.
440 1384 491 1462 lv,
515 1385 544 1461 9,
567 1385 604 1448 4:
627 1384 826 1466 Denique,
855 1384 889 1448 si
917 1383 998 1447 luit
1027 1382 1158 1465 magui
1182 1383 1317 1448 animi

236 1509 311 1556 nou
334 1508 421 1556 esse
443 1489 667 1571 supplicem
692 1491 856 1567 victori,
873 1487 979 1566 vide,
996 1507 1041 1552 nc
1063 1489 1229 1571 superbi
1254 1489 1318 1554 sit
1344 1497 1345 1522 ¹

236 1595 449 1677 aspernari
473 1595 651 1662 eiusdem
674 1595 998 1669 liberalitatem,
1030 1596 1070 1658 et
1098 1595 1315 1677 sapientis

237 1706 298 1767 est
331 1720 468 1767 carere
499 1702 651 1784 patria,
685 1704 773 1768 duri
802 1723 875 1767 non
907 1699 1161 1780 desiderare,
1193 1704 1251 1780 et,
1279 1705 1314 1767 si

235 1808 466 1891 republica
494 1810 726 1890 nonpossis
760 1810 857 1889 frui,
892 1809 1066 1874 stultum
1099 1807 1162 1872 est
1195 1809 1314 1874 n'olla

236 1914 407 1996 priuata.
452 1913 503 1979 Sic
524 1915 617 1979 codex
639 1913 723 1979 Med.
747 1915 842 1980 Recte
862 1917 934 1980 aute
957 1913 1162 1996 sapientis
1182 1915 1314 1980 additur
1344 1903 1345 1986 ἶ

237 2019 287 2095 si;
310 2038 424 2098 vereor,
447 2039 485 2084 ue
507 2020 602 2085 simul
624 2017 695 2103 post
717 2021 921 2105 sapientis
944 2020 1014 2087 tolli
1033 2019 1144 2086 debeat
1166 2023 1240 2098 est,
1264 2024 1313 2100 ut,
1344 2011 1345 2090 l

237 2125 494 2209 quemadmodum
512 2129 583 2209 post
598 2126 687 2192 duri
706 2128 828 2192 auditur
851 2127 923 2206 sit,
948 2127 992 2192 sic
1006 2126 1037 2190 in
1053 2126 1153 2210 priore
1168 2130 1312 2192 membro
1344 2109 1345 2176 3

236 2231 379 2298 audietur
400 2234 415 2298 f
421 2236 489 2299 uit.
522 2234 648 2312 Verum,
670 2235 743 2298 utut
762 2233 819 2298 boc
834 2237 891 2309 est,
908 2231 1064 2311 mendum,
1081 2231 1162 2316 quod
1178 2237 1312 2317 apparet

235 2342 267 2404 iu
299 2340 473 2405 stultum
507 2343 586 2418 esc,
606 2339 799 2418 occultatur,
833 2360 891 2406 nou
921 2339 1045 2405 tollitur
1076 2340 1191 2406 omisso
1226 2343 1309 2416 est;
1344 2339 1345 2432 l

235 2464 306 2511 nam
338 2449 370 2511 et
401 2446 526 2511 stulti
560 2465 627 2512 esse
650 2447 790 2524 debebat,
823 2449 855 2511 et
883 2447 951 2529 ipsa
972 2446 1115 2511 stultitiae
1137 2446 1309 2528 appellatio
1344 2433 1345 2508 Ϊ

154 2569 157 2573 “
234 2570 360 2636 grauem
383 2552 476 2618 habet
498 2553 640 2618 Marcelli
669 2551 877 2631 offensionem,
907 2571 975 2634 quae
997 2552 1084 2618 nulla
1106 2555 1161 2616 aut
1182 2554 1309 2618 modica
1344 2595 1345 2652 q

235 2663 282 2724 est
312 2660 342 2722 in
373 2659 599 2740 comparatione
629 2658 788 2741 sapientiae
818 2661 850 2724 et
878 2658 1009 2723 duritiae.
1065 2659 1173 2741 ltaque
1202 2661 1308 2725 totum
1344 2699 1345 2732 q

235 2764 292 2829 boc
324 2764 497 2829 stultum
530 2766 592 2829 est
623 2784 642 2829 a
675 2764 800 2831 librario
833 2764 1001 2846 ascriptum
1040 2768 1121 2847 puto,
1155 2765 1208 2848 qui
1243 2785 1306 2831 nun
1344 2779 1345 2792 ¹

235 2867 419 2936 attendisset
441 2870 579 2952 copulari
602 2889 677 2936 non
701 2872 935 2936 desiderare
959 2875 990 2936 et
1012 2870 1174 2948 nolle.*)

335 2986 413 3052 lbid.
438 2989 486 3067 13,
510 2989 547 3054 7:
574 3008 657 3072 quae
679 2990 713 3055 si
735 2989 926 3074 colliges,
949 2991 988 3055 et
1010 2988 1199 3072 sperabis
1222 3008 1306 3055 om-

234 3094 299 3159 nia
341 3093 490 3177 optime
534 3097 588 3172 et,
632 3114 714 3177 quae
751 3096 955 3172 accident,
991 3098 1306 3180 qualiacumque

235 3203 368 3279 eruut,
402 3201 612 3286 sapienter
645 3201 762 3266 feres.
818 3203 913 3266 Recte
944 3202 1057 3268 dicitur
1086 3205 1184 3269 bene
1210 3223 1305 3286 spe·

233 3327 338 3386 rare,
375 3327 467 3392 praue
504 3311 634 3375 omnia
668 3308 766 3373 bene
802 3327 981 3390 sperare,
1026 3329 1094 3374 cum
1131 3313 1304 3393 prasertim

235 3416 419 3480 contrarium
441 3415 607 3480 inferatur:
641 3434 723 3497 quae
752 3414 959 3494 accident,
989 3416 1303 3500 qualiacumque
1344 3429 1345 3432 ’

234 3522 359 3584 erunt.
423 3521 622 3588 Scribendum
657 3522 843 3587 necessario:
881 3523 920 3586 et
953 3524 1137 3604 sperabis
1171 3526 1304 3589 omnia

234 3625 354 3712 optima
376 3631 429 3705 et,
452 3646 534 3710 quae
556 3624 761 3708 accident,
786 3631 843 3694 cet.
879 3625 923 3693 Ol.
939 3629 992 3706 Vl,
1011 3629 1049 3690 13
1075 3631 1149 3693 extr.

287 3883 313 3950 *)
334 3881 411 3949 Quod
434 3883 459 3952 5,
487 3883 504 3938 5
531 3884 560 3937 in
587 3883 703 3953 epistula
721 3885 807 3940 Servii
827 3883 942 3954 Sulpicii
960 3892 1154 3942 annotaveram
1181 3886 1299 3943 scriben-
1344 3947 1345 3962 ¹

335 3975 485 4043 dumosae,
513 3992 577 4030 una
604 3993 673 4031 oum
699 3993 735 4032 re
758 3977 896 4046 publica
913 3977 1077 4034 floruisse
1094 3979 1154 4050 (pro
1173 3979 1299 4050 luisse),
1344 4027 1345 4048 ,

333 4068 412 4122 video
430 4068 484 4122 iam
498 4084 515 4121 a
527 4069 652 4124 Lambini
665 4070 826 4139 aequalibus,
841 4071 938 4127 deinde
953 4089 970 4128 a
984 4073 1109 4129 Weiskio
1122 4081 1296 4144 praeceptum.
1344 4119 1345 4166 ἰ
