2740 4572
263 209 324 271 272
627 205 687 260 Lib.
706 204 741 259 11.
761 205 826 275 Gap.
845 203 891 260 v1.

211 425 304 472 rum
332 406 497 488 ignarus
527 403 649 468 etiam
677 407 757 467 tum
782 401 1004 467 Gratianus
1034 397 1182 482 egebat
1210 395 1307 460 tum

209 507 325 592 ‚apud
358 507 549 576 Treuiros
583 512 641 574 cot.
703 507 763 573 Pro
783 505 1007 572 adiuvante
1028 500 1172 570 codenV
1199 501 1309 568 habet
1357 507 1358 510 ’

224 616 413 692 aduente,
436 613 467 678 in
491 633 549 698 quo
570 615 666 680 latore
688 614 810 680 uidetur
826 615 974 690 acuente,
997 611 1055 677 hoc
1076 609 1134 686 est.
1158 608 1305 692 augente

209 723 255 786 ‹ot
276 720 467 787 incendente.
512 720 573 786 Sed
591 720 670 804 ¹qnid
692 722 823 786 estsine
845 718 1037 786 adiurare
1059 715 1125 782 siro
1147 731 1305 780 acuere
1357 745 1358 752 κ

223 845 286 893 ree
317 825 563 908 temptandae
597 826 795 906 nouitati,
825 829 881 890 ant
907 823 984 908 qnid
1005 821 1129 888 omnino
1151 819 1204 886 lnic
1227 819 1306 902 agit
1356 807 1358 816 ⁴

224 950 352 998 rerum
376 932 581 998 vocabulum?
624 931 802 997 Admodum
831 930 970 1014 suspicor
999 927 1148 1010 scriptum
1178 926 1303 992 fnisse:

210 1037 296 1103 tnoo
317 1038 560 1120 temptanda
581 1037 735 1106 noriam
756 1054 830 1124 spes
859 1035 1045 1114 acuente,
1076 1032 1135 1099 hoc
1158 1035 1215 1109 est,
1241 1049 1304 1097 ex·

226 1143 450 1225 spectationem
475 1146 507 1210 et
528 1145 712 1226 opinionem,
735 1141 852 1227 aliquid
874 1142 1021 1208 novatum
1043 1141 1091 1205 iri.
1210 1170 1213 1178 ·

326 1329 392 1396 Lib.
415 1329 531 1420 XXXI,
553 1332 584 1410 4,
607 1333 635 1410 i,
652 1331 711 1398 ubi
727 1329 901 1397 Graecorum
917 1328 954 1394 de
971 1327 1080 1393 Xerxis
1099 1324 1302 1408 expeditione

212 1437 417 1502 ¹narrationes
445 1435 528 1503 ultra
557 1436 648 1502 fidem
680 1437 872 1521 exaggerata
901 1433 1080 1512 irridentur,
1108 1429 1302 1516 significatis

226 1541 360 1606 breuiter
380 1541 575 1626 Hellesponti
607 1541 752 1615 transitu.
786 1543 868 1608 fossa
884 1542 938 1632 ⁴ad
967 1539 1125 1606 Athonem
1155 1537 1300 1604 montem
1358 1575 1359 1584 κ

223 1645 328 1720 ducta,
352 1647 502 1735 erercitus
523 1647 641 1713 Persici
663 1649 701 1712 ad
726 1647 886 1713 Doriscum
900 1645 1122 1722 numeratione,
1139 1641 1301 1720 superba,

167 1826 170 1833 ¹
214 1769 295 1834 onae
317 1753 355 1817 ad
378 1753 490 1818 fossam
513 1753 544 1817 in
567 1753 689 1818 Athone
703 1754 869 1837 pertinent,
885 1754 1011 1818 Isaacne
1027 1749 1155 1816 Vossius
1171 1745 1298 1830 pridem

227 1859 291 1922 tam
314 1859 437 1942 egregie
459 1857 645 1937 emendavit,
674 1858 797 1937 litteris,
827 1877 895 1944 quse
918 1858 1073 1923 distractae
1095 1855 1192 1931 erant
1211 1855 1300 1918 recte
1358 1925 1359 1930 ἵ

139 2022 141 2026 ,
221 1961 395 2028 coniunctis
411 1966 443 2029 et
462 1982 516 2046 pro
537 1967 636 2029 mari
658 1961 801 2030 restituto
825 1982 947 2041 mare,
973 1980 1064 2046 quem
1084 1958 1300 2027 accusativum

216 2068 422 2152 participium
444 2070 654 2154 quaesitum
679 2071 841 2136 manifesto
862 2069 1023 2146 monstrat,
1048 2069 1083 2133 nt
1101 2069 1168 2132 iure
1183 2065 1306 2160 mirere*

227 2193 324 2256 nuper
356 2194 410 2257 pro
444 2176 617 2242 certissima
645 2177 703 2242 hac
731 2178 763 2240 et
792 2175 885 2241 simul
906 2174 1056 2241 facillima
1077 2171 1297 2239 emendations

228 2283 366 2346 monstra
400 2282 541 2366 quadam
572 2302 590 2348 a
621 2282 760 2367 uestigiis
789 2283 928 2348 codicum
951 2281 1044 2366 longe
1066 2277 1241 2344 recedentia
1264 2281 1299 2342 et

215 2385 352 2452 adrem
376 2387 609 2473 significandam
631 2389 737 2470 inepta
760 2389 933 2472 excogitata
954 2405 1030 2452 esse.
1067 2385 1174 2450 Priora
1192 2383 1298 2448 minus
1359 2399 1360 2406 ¹

228 2490 361 2558 terrester
382 2494 464 2560 ruem
488 2477 613 2561 voss‘sus
636 2495 790 2560 tramete.
835 2494 916 2559 nam
938 2494 970 2558 n
993 2491 1106 2558 litteris
1128 2488 1298 2555 uelles-

213 2599 341 2679 {ponti
364 2604 610 2684 occupantes
629 2602 735 2666 subest
757 2601 788 2665 et
808 2599 975 2666 manife'eto
997 2597 1144 2682 emergit-e
1166 2593 1294 2662 Houor·

217 2705 394 2787 ‘ponticone
416 2709 546 2790 pontem
578 2726 649 2773 cum
682 2707 824 2772 librarius
858 2705 1049 2773 substitisset
1071 2705 1102 2768 in
1130 2700 1295 2767 Helles-

216 2811 340 2890 ponci
364 2813 521 2894 tamquam
539 2812 627 2893 pleno
652 2811 809 2888 vocabulo,
830 2831 866 2877 ex
881 2811 1006 2890 litteris,
1021 2829 1090 2894 quae
1105 2809 1294 2890 supererant,

220 2932 318 2979 aeos
341 2919 372 2979 et
393 2917 537 2999 pontes
559 2919 666 2982 natum
689 2919 738 2982 est
759 2917 925 2984 mirificum
947 2916 1026 2982 illud
1049 2915 1292 2996 occupantes.

221 3019 383 3103 Superest,
406 3022 450 3099 nt,
481 3024 635 3101 restituta,
667 3042 735 3106 qnae
767 3025 824 3088 sub
856 3023 1002 3089 dudum
1034 3023 1125 3099 latet,
1143 3019 1294 3103 particula

227 3125 311 3203 dnm,
334 3128 434 3194 totam
462 3129 649 3194 sententiam
678 3131 722 3195 sio
751 3129 910 3196 decurrere
938 3128 1165 3212 intelligamus:
1196 3146 1291 3210 quae,

216 3233 692 3318 dumHellospontiacos
713 3237 858 3317 pontes
880 3239 919 3302 et
941 3233 1292 3317 discidioqnodam

216 3338 373 3405 :fabrili
406 3358 512 3406 mare
546 3342 618 3408 sub
646 3343 724 3407 imo
746 3342 918 3408 Athonis
951 3340 1049 3424 pede
1082 3339 1290 3423 quaesitum

217 3449 433 3528 exponunt
455 3447 494 3513 et
514 3447 725 3513 turmatim
747 3447 850 3528 apud
868 3447 1078 3514 Doriscum
1102 3445 1290 3511 exercitus

219 3553 477 3632 ¹recensitos,
508 3552 782 3619 concordante
817 3552 923 3620 omni
954 3553 1224 3635 posteritate,
1252 3554 1290 3617 nt

216 3655 424 3724 labulosae
445 3662 539 3724 eunt
560 3660 684 3724 leotae.

191 3862 193 3866 .
330 3794 409 3860 ibid.
426 3797 527 3874 5³12:
554 3797 725 3875 (Teutones
752 3799 784 3864 et
806 3797 936 3877 Cimbri)
958 3797 1117 3864 ultimis
1139 3797 1289 3881 proeliis

221 3919 298 3981 ¹per
321 3900 440 3967 duces
463 3902 739 3987 amplissimos
761 3906 963 3990 superati,
986 3901 1082 3988 quid
1110 3906 1289 3987 potestne

223 4005 379 4072 Martie
412 4008 456 4071 do
487 4006 633 4073 habitu
664 4011 890 4091 prudentie
919 4012 1071 4092 ualeat,
1094 4010 1288 4077 radicitus
