2712 4576
25 122 27 231 l

461 235 600 290 Ciceronis
618 235 749 304 epistolae.
1038 235 1096 298 181

25 417 26 492 l
172 431 252 497 Ibid.
277 432 327 511 16,
350 433 386 496 2:
408 432 516 510 Etsi,
538 451 613 515 qua
634 450 703 514 sps
723 432 988 516 proficiscar,
1009 432 1140 511 uideo,

25 617 26 626 ἵ
71 538 351 622 coniungoque
372 557 429 603 me
450 558 534 605 eum
556 539 715 604 bomine
745 540 873 624 magis
902 539 949 605 ad
969 540 1141 604 vasian-

25 631 27 750 ι
71 643 952 728 damItaliamquamadviuaendumparabo·
976 627 1139 711 Domum

25 751 27 852 l
72 770 183 833 quem
216 753 418 834 exspecto.
466 752 530 816 Sub
558 752 705 817 extremis
731 751 781 818 his
808 752 906 818 latero
933 752 1055 834 potest:
1076 751 1139 818 llo·

25 855 26 868 ³
71 858 189 924 minum
212 856 341 942 qnidam
373 862 572 940 exspecto.
626 859 827 925 Subeuudum
850 857 910 925 sibi
931 857 1062 924 casaris
1084 856 1139 922 do·

72 964 222 1029 minatum
246 963 351 1030 (licam
373 964 529 1048 providet.

169 1153 250 1220 ibid.
272 1154 329 1233 IX,
345 1155 428 1235 5,3:
450 1173 521 1238 ago
541 1173 634 1221 uero
657 1155 904 1220 bacoliicia
923 1153 1139 1220 mercanda

73 1260 155 1324 uita
175 1263 282 1342 puio.
332 1261 506 1327 Mercari
528 1262 676 1328 cilicia
696 1279 796 1344 nequo
815 1263 892 1345 quid
913 1263 965 1337 sit,
986 1259 1137 1345 intelligo,

74 1367 110 1444 ei,
134 1366 162 1431 si
189 1364 223 1430 id
251 1366 414 1450 siguificat,
448 1368 529 1452 quod
561 1387 656 1433 unum
680 1367 854 1452 siguificare
885 1387 975 1451 possa
1004 1367 1137 1443 videtur,

73 1472 170 1539 officia
184 1474 344 1556 tamquam
359 1493 493 1540 mercem
508 1475 645 1558 aliquam
657 1492 842 1557 comparare,
853 1474 1077 1541 alienissimum
1089 1475 1137 1538 osi

73 1579 109 1644 ab
123 1581 179 1644 hoo
193 1581 270 1645 loco.
303 1580 339 1644 In
354 1579 388 1644 M
402 1583 548 1647 scribitur
569 1580 745 1646 officiam
766 1582 801 1645 oi
823 1580 1010 1660 candida,
1027 1598 1062 1644 ex
1076 1597 1137 1662 quo

74 1683 150 1750 effici
163 1685 288 1751 videtur
301 1687 356 1752 aul
368 1686 538 1773 pensanda
557 1690 611 1752 aui
632 1688 734 1770 polius
755 1686 975 1774 rependenda.
1005 1690 1038 1772 (ς
1056 1688 1071 1750 l
1089 1688 1139 1751 in-

74 1791 200 1858 feliciter
221 1791 322 1857 Ourtii
346 1812 456 1859 nomon
478 1794 600 1859 illatum
622 1794 686 1868 esl;
708 1812 779 1858 uam
803 1812 901 1877 nequo
917 1793 1017 1860 Ourlii
1031 1793 1137 1858 neseio

75 1898 158 1962 cuius
189 1899 349 1982 praecipuae
381 1901 412 1964 in
443 1899 527 1966 ouria
557 1901 662 1982 parles
684 1901 781 1978 orant,
811 1900 844 1965 ei
869 1899 1070 1966 manifestum
1091 1901 1139 1965 osb

75 2007 235 2087 utrumque
256 2005 383 2070 verbum
406 2007 512 2071 referri
540 2006 580 2071 ad
608 2023 775 2088 pronomen
804 2007 884 2072 baec
910 2025 981 2072 oum
1003 2005 1138 2088 pondero

75 2110 160 2177 initio
181 2111 328 2195 positum.
383 2113 465 2192 Quid
497 2111 594 2178 latest
625 2112 658 2176 is
687 2111 800 2178 codicis
827 2111 862 2177 M
890 2113 1042 2194 scriptura
1069 2129 1138 2177 cur

76 2219 169 2294 ium,
192 2217 317 2283 difficile
340 2223 388 2284 esi
409 2219 505 2298 dictu,
535 2220 618 2302 quod
644 2219 722 2284 nihil
744 2218 867 2285 omnino
888 2219 1055 2302 requiritur
1076 2216 1137 2282 uisi

75 2322 145 2388 boo:
166 2325 252 2390 Haec
284 2325 352 2407 qui
383 2325 421 2390 iu
455 2344 538 2390 moa
569 2325 672 2391 villo
701 2345 774 2391 nou
797 2326 941 2404 feram,
962 2327 1002 2390 in
1024 2323 1138 2388 ouria

77 2429 210 2510 potero
233 2433 419 2509 ier1·e?)*)

170 2771 360 2827 accessisse
378 2770 418 2825 od
436 2771 563 2840 urbem,
582 2770 668 2840 quod
686 2771 767 2850 item
778 2777 829 2826 cet.
848 2771 960 2826 Baitero
974 2767 1136 2841 „illepidas“

171 2866 342 2920 coniecturas
371 2869 505 2919 annotare
534 2878 768 2932 superuacaneum
795 2865 883 2919 visum
910 2870 959 2920 est.
1007 2862 1137 2918 Profecto

169 2973 223 3011 non
237 2956 329 3026 lepide
347 2958 396 3026 vir,
415 2957 479 3012 dum
496 2957 574 3025 vixit,
591 2956 658 3010 mihi
675 2958 831 3026 potamicus
848 2956 988 3012 iudicavit.

127 3047 152 3116 *)
168 3049 218 3120 Ep.
239 3049 255 3104 7
274 3053 307 3118 Α,
327 3052 351 3119 1,
369 3051 416 3104 ubi
435 3049 532 3117 editur,
552 3048 779 3118 quemadmodum
805 3050 834 3104 iu
859 3050 918 3106 cod.
940 3051 971 3103 M
992 3048 1027 3104 ab
1050 3048 1138 3116 altera

171 3159 252 3198 manu
272 3143 403 3213 scriptum
422 3149 477 3198 est:
495 3142 621 3197 Nedum
638 3142 803 3198 hominum
820 3143 1005 3210 humilium,
1024 3147 1060 3196 ut
1078 3156 1137 3197 nos

171 3252 292 3305 sumus,
319 3235 378 3292 sed
402 3237 499 3292 eliam
523 3235 803 3306 amplissimorum
826 3236 972 3290 virorum
992 3234 1138 3289 consilia

170 3345 206 3383 ex
242 3336 363 3386 eventu
480 3347 498 3385 a
532 3329 703 3399 plerisque
738 3328 877 3398 probari
908 3328 1032 3394 solent,
1069 3325 1136 3381 ferri

169 3423 277 3477 omnino
301 3437 359 3477 non
376 3427 470 3492 potest
491 3421 609 3477 nedum
627 3438 678 3491 pro
697 3438 762 3477 non
779 3420 873 3477 modo
893 3426 920 3476 et
940 3425 1036 3476 contra
1057 3435 1138 3475 usum

170 3522 196 3570 et
222 3521 319 3571 contra
344 3515 475 3584 originem
502 3513 625 3570 adverbii
652 3515 779 3584 positum,
806 3513 881 3583 quod
906 3514 941 3583 X,
969 3515 1011 3582 16,
1039 3513 1056 3567 6
1080 3529 1137 3570 non

168 3609 256 3664 minus
283 3623 367 3678 praue
397 3613 425 3662 et
452 3613 549 3664 contra
579 3608 700 3664 codicem
729 3608 802 3664 Med.
834 3607 966 3678 scriplum
997 3608 1137 3663 Manutius

170 3707 197 3755 et
214 3700 363 3756 Lambinus
382 3705 573 3770 correxerunt3
593 3699 641 3756 sed
659 3701 683 3756 si
702 3700 851 3756 attenderis
869 3700 915 3756 hic
927 3702 1042 3770 antiquo
1053 3715 1137 3756 manu

169 3810 223 3850 non
240 3794 321 3849 modo
344 3794 432 3863 prima
458 3794 542 3849 verba
570 3794 609 3849 sic
635 3793 731 3850 scribi:
761 3793 877 3849 Cicero
905 3811 1008 3850 meum
1034 3805 1137 3846 meum

167 3887 345 3955 hominum,
364 3886 413 3942 sed
432 3887 520 3941 omitti
539 3887 621 3942 etiam
640 3886 766 3956 solent,
783 3886 864 3943 facile
884 3886 1028 3958 apparebit
1048 3888 1136 3937 lotum

25 3957 30 4202 Ι
141 4028 145 4033 .
169 3981 292 4049 epistolae
310 3980 417 4035 initium
435 3985 594 4050 corruptum
613 3995 674 4035 esse
693 3995 744 4034 neo
769 3981 849 4036 unius
872 3981 947 4036 vocis
966 3977 1136 4035 corrections

167 4074 276 4130 restitui
296 4089 387 4143 posse.
416 4074 516 4130 Forma
533 4073 588 4127 loci
606 4071 761 4127 huiusmodi
773 4072 859 4128 fuisse
871 4072 991 4128 uidetur:
1011 4068 1138 4126 Balbus

25 4413 27 4474 l
