2728 4582
502 257 709 313 Demosthenes.
1056 255 1096 318 39

72 448 241 526 ἐλθόντας
262 448 336 538 χρή,
365 455 418 519 καὶ
449 448 520 520 τότ’
541 449 586 520 uic
604 447 787 522 α’διιιοῦντοι
817 450 878 538 ὁρᾷ
900 477 963 528 τις,
987 446 1028 519 ου’
1054 478 1140 536 προ·

72 553 282 643 ανυρποῖζειν
316 585 344 625 ιι.
368 585 395 624 τ.
419 562 446 624 λ.
500 563 537 626 In
559 562 607 626 his
630 555 776 655 σαυτόν’
797 556 841 628 da
856 553 887 627 α’.
906 553 967 645 ὁρᾷ
982 583 1034 634 τις
1055 558 1140 624 nulla

70 667 123 732 est
146 665 296 731 orationis
318 665 491 744 structura3
514 668 576 733 erit
597 670 683 733 recta
705 670 737 732 et
758 667 907 751 legitima,
923 665 950 729 si
965 662 1138 746 scripseris:

74 776 129 838 aci
152 765 222 839 τότ’
243 765 300 838 ὅτ’
322 765 366 837 ἄν
390 766 574 839 adauctivum
598 768 658 859 ὁρᾷ
680 799 740 848 τις.
783 774 860 838 Duae
882 772 1037 856 ponuntur
1059 771 1140 834 iuste

73 878 265 945 adversarios
299 879 503 961 persequendi
524 874 725 958 condiciones,
742 881 832 962 prior,
849 880 884 942 ut
898 877 965 960 ipse
981 881 1012 942 te
1027 876 1140 941 iudicio

69 985 255 1064 defenderis,
278 983 383 1062 altera,
406 989 442 1049 ut
463 984 653 1051 adversarios
681 1005 788 1068 reapse
817 986 850 1048 in
879 983 981 1066 aliquo
1004 981 1140 1047 facinore

70 1091 318 1174 deprehenderis.
367 1089 511 1156 Ceterum
538 1092 621 1156 reete
643 1090 799 1156 Bakkerus
821 1092 854 1155 et
877 1088 1046 1172 superiores
1069 1106 1137 1152 cum

8 1229 9 1288 ρ
69 1197 275 1267 deterioribus
308 1194 464 1262 codicibus
496 1189 701 1270 ἀδικοῦντος
732 1197 881 1273 scribunt,
914 1196 1051 1278 alioquin
1086 1197 1140 1262 de·

7 1377 9 1400 k
71 1306 166 1370 bebat
196 1322 280 1368 esse:
321 1295 505 1369 σ’διισυντά
528 1329 616 1388 τινα,
650 1302 751 1368 miuus
785 1304 856 1386 apte
889 1303 1140 1368 concurrentibus

7 1405 8 1410 ἵ
69 1405 148 1477 τινοῖ
172 1419 205 1475 et
226 1409 287 1482 τίς.
1166 1401 1173 1426 ⁸

178 1575 258 1644 lbid.
275 1573 351 1636 189:
369 1577 400 1638 εἰ
406 1579 523 1656 μέντοι
535 1567 643 1661 ῥήτωρ
656 1573 746 1639 ἐστὶν
759 1581 852 1646 οἴους
863 1571 974 1646 ἐνίους
995 1572 1064 1638 τῶν
1087 1574 1141 1637 λε-

6 1709 7 1716 ¹
67 1670 206 1762 υόντων
229 1672 290 1764 ἐγώ
314 1681 368 1744 καὶ
391 1676 492 1764 ὑμεῖς
515 1681 548 1747 δὲ
571 1675 684 1764 δρᾶτε,
711 1672 863 1752 α’ναιδεῑς
886 1681 939 1744 καὶ
963 1672 1020 1764 ὑφ’
1042 1673 1141 1764 ὑμῶν

69 1778 369 1867 πεπλουτηκότας,
392 1780 453 1854 ουίι
477 1782 520 1852 ἄν
544 1792 618 1875 εἴην
641 1776 740 1860 οὗτος
763 1778 836 1871 ἐγώ.
892 1783 979 1862 Nihil
1001 1790 1049 1851 est
1070 1780 1138 1853 ὑπὸ

5 1917 6 1946 ι
68 1890 131 1954 τοῦ
169 1881 282 1975 δήμου
314 1896 485 1969 πλουτεῖν,
522 1895 667 1977 quoniam
695 1895 727 1958 in
756 1895 847 1958 verbo
870 1895 1033 1960 πλουτεῖν
1055 1895 1141 1959 nulla

67 1997 252 2063 huiusmodi
274 2000 412 2083 patiendi
433 1999 616 2084 significatio
637 2000 713 2084 fingi
734 1999 847 2081 potest,
870 2000 970 2080 qualis
993 2003 1041 2065 est
1055 2002 1140 2066 verbi

4 2131 5 2134 ¹
68 2123 175 2181 eausa,
207 2123 277 2170 cum
310 2105 421 2171 dicitur
453 2100 622 2192 θνήσκειν
637 2100 705 2172 ὑπό
734 2131 837 2179 τινος.
883 2104 990 2188 Neque
1007 2107 1140 2190 populus

69 2211 136 2292 ipse
160 2209 339 2278 huiusmodi
360 2212 508 2293 homines,
532 2213 569 2278 dc
591 2214 703 2296 quibus
724 2211 835 2297 agitur,
860 2211 988 2291 ditabat,
1019 2213 1073 2277 sed
1094 2212 1140 2276 illi

3 2337 5 2420 ρ
69 2305 222 2398 populum
256 2316 473 2384 defraudantes
504 2319 650 2401 peculatu
681 2317 805 2384 divitias
838 2317 1047 2389 corradebant.
1085 2318 1143 2384 hoo

3 2487 4 2507 ἢ
67 2426 129 2504 est,
153 2415 224 2488 οἷπό
248 2425 309 2490 τοῦ
334 2417 446 2508 δήμου
469 2419 669 2491 ἐπλούτουν.
725 2422 925 2489 scribendum
954 2423 1050 2507 igitur
1077 2416 1143 2508 εἶφ’

68 2523 180 2614 ὑμῶν.
225 2531 292 2612 [Sic
312 2531 376 2595 iam
397 2531 554 2611 Cebetas]

172 2693 277 2766 XXII,
310 2695 365 2758 20:
409 2690 462 2760 ὅτι
488 2698 607 2760 τοίνυν
641 2687 714 2761 οὐδ’
748 2697 855 2767 αἴτιος
888 2689 990 2768 ἄλλος
1028 2690 1141 2771 οὐδεὶς

67 2795 272 2884 ἀνθρώπων
306 2803 374 2867 ἐστὶ
407 2803 471 2868 τοὺ
501 2795 550 2885 μή
584 2802 801 2886 πεποιῆσθαι
831 2797 892 2875 τοῖς
921 2802 1017 2878 ναῦς,
1040 2803 1140 2871 τοῦτο
1229 2887 1231 2892 Ι

66 2908 189 2994 σαφῶς
210 2901 296 2992 ὑμῖν
319 2907 482 2984 ἐπιδείξω·
506 2901 676 2975 α’νελοὺσα
698 2904 763 2994 yc'p
787 2901 937 2994 ἦβονλή
953 2906 1015 2975 τόν
1031 2904 1142 2997 νόμον

68 3017 197 3081 τοῦτον
212 3008 463 3100 ἐχειροτόνησεν
477 3009 577 3104 αὐτῇ.
611 3013 663 3080 Sic
680 3017 718 3081 Σ.
752 3013 813 3095 Qui
828 3015 1012 3096 interpolate
1027 3013 1140 3104 cointio

67 3121 270 3204 scripserunt,
304 3123 340 3184 ut
373 3121 451 3185 nihil
484 3121 521 3185 de
554 3122 707 3186 sententia
739 3120 840 3185 dicam
867 3119 956 3203 (quid
979 3123 1026 3186 est
1048 3121 1138 3199 enim,

67 3232 215 3293 senatum
231 3231 329 3292 semet
343 3227 445 3310 ipsum
465 3227 629 3312 creasset),
645 3247 704 3292 non
720 3227 1003 3292 animadverterunt
1017 3228 1140 3293 τοῦτον.

67 3333 188 3398 obiecti
219 3333 285 3398 loco
317 3333 470 3415 pertinere
499 3334 538 3398 ad
569 3327 830 3420 ἐχειροτόνησεν,
852 3350 911 3397 non
934 3332 1035 3398 solum
1059 3332 1140 3414 quod

68 3439 120 3504 bis
158 3457 250 3520 supra
284 3437 316 3502 in
330 3511 334 3520 ¹
349 3438 406 3503 hac
436 3439 504 3521 ipsa
539 3439 731 3523 paragrapho
763 3437 946 3522 simpliciter
978 3433 997 3504 ὁ
1031 3433 1139 3524 νόμος

69 3545 197 3619 dicitur,
221 3564 279 3610 non
303 3533 436 3618 οὗτοςό
458 3539 573 3631 νόμος,
596 3547 649 3611 sed
665 3545 746 3628 quod
761 3545 930 3609 necessario
942 3546 1140 3614 Androtionis

70 3668 204 3732 persona
236 3651 267 3715 in
299 3651 379 3718 hanc
411 3653 595 3718 sententiam
628 3650 743 3717 includi
767 3655 799 3716 et
820 3670 889 3717 curn
912 3653 1038 3716 senatus
1058 3653 1140 3719 facto

68 3757 216 3840 coniungi
249 3757 349 3832 debet,
381 3760 525 3841 quoniam
558 3758 695 3841 alioquin
727 3759 812 3823 nulla
844 3757 909 3824 eius
932 3758 1022 3840 culpa
1043 3758 1140 3843 signi·

70 3863 192 3928 ficetur.
221 3863 352 3929 Senatus
367 3865 461 3948 igitur
475 3864 699 3931 Androtioncm
715 3858 967 3952 ἐχειροτόνησεν
981 3865 1014 3929 et
1027 3883 1139 3930 munus

73 3969 102 4032 ei
135 3968 261 4051 aliquod
294 3971 506 4048 demandavit3
542 3970 699 4052 quodnam
731 3970 764 4036 id
796 3971 879 4036 fuit?
921 3972 958 4035 In
978 3972 1037 4038 hac
1058 3973 1141 4037 enim

70 4073 140 4154 ipsa
171 4074 308 4142 muneris
340 4075 575 4143 demandatione
607 4077 675 4143 tota
703 4076 930 4162 argumentatio
958 4079 1060 4160 posita
1082 4081 1139 4144 est.
