2740 4572
479 189 585 246 Plinius
603 190 698 246 minor.
1021 190 1080 252 217

44 385 156 450 locum
177 385 276 465 tenet,
297 384 450 469 scripture
470 387 646 454 leniendum
676 390 741 454 erut
769 389 937 464 mouetur,
966 407 1025 452 non
1056 405 1127 452 ve·

45 492 167 557 suari
189 493 394 571 videntum
416 494 454 559 de
477 492 618 572 remim,
634 512 694 559 non
710 494 748 559 (te
763 494 873 578 speeie,
895 495 1005 577 egitur.
1028 493 1129 560 Paulo

46 603 122 678 post
146 599 180 677 (ξ
203 601 246 677 4),
269 599 323 664 nbi
344 597 462 664 oditur:
492 599 706 666 Enimvero
738 599 772 665 si
792 601 955 681 placeat
976 600 1125 666 fossum

46 705 218 788 longius
241 704 384 770 dooere
406 706 445 770 et
471 705 604 770 ertius
633 723 812 789 pressum
842 705 940 770 mori
968 723 1129 787 aequere

46 813 120 888 oet,
146 811 342 876 scribendum
366 814 430 876 eet:
464 817 503 878 et
531 810 631 878 ultius
652 829 849 893 pressum3
877 831 947 875 nam
977 812 1071 876 altius
1093 819 1125 876 et

48 916 78 980 in
102 916 290 998 profundum
314 919 384 980 eote
406 917 487 982 losse
507 917 609 982 lecum
638 918 715 982 meri
740 918 860 999 aequnt3
893 937 985 1000 quern
1019 919 1125 982 ertum

49 1022 92 1086 sit
117 1043 164 1100 os,
188 1023 265 1088 nihil
286 1024 326 1088 orl
346 1023 426 1089 hene
446 1041 511 1087 rem
532 1024 675 1104 pertinet.
724 1023 789 1103 [Sic
811 1024 871 1090 iem
896 1023 1077 1108 Gierigius.]

154 1129 234 1194 lbid.
263 1130 314 1202 82.
347 1131 380 1195 1:
413 1147 496 1194 oum
529 1131 779 1212 propositum
814 1149 937 1196 meum
974 1131 1128 1213 optime

48 1253 194 1301 nosses
225 1254 298 1300 non
332 1254 375 1299 ex
408 1236 514 1300 metu
546 1254 617 1300 nee
649 1236 806 1301 terrore
834 1235 1035 1301 hominum
1058 1235 1129 1301 eut

51 1339 298 1406 criminibus
321 1341 554 1406 maiestatis
576 1340 848 1406 reverentiam
870 1341 1020 1406 nomini
1044 1359 1126 1406 meo

51 1445 227 1529 adquiri.
271 1447 441 1530 corrigitur
463 1445 695 1530 adquirere3
721 1447 821 1514 multo
844 1449 875 1512 et
896 1447 1011 1512 rectius
1033 1452 1065 1512 et
1085 1445 1126 1510 nd

15 1572 16 1582 ¹
53 1552 159 1616 mendi
197 1551 346 1637 originem
383 1551 594 1634 explicandum
634 1552 837 1636 probabilius:
874 1553 1124 1636 propositum

57 1702 95 1719 ..
120 1704 128 1719 .
153 1703 161 1718 .
186 1657 388 1744 adquirendi.

15 1739 17 1831 i
154 1765 233 1830 ibid.
256 1766 314 1830 93:
337 1766 550 1831 Amisenos
573 1812 580 1827 .
606 1811 613 1826 .
638 1811 645 1827 .
669 1765 736 1843 ⁸‚si
762 1764 926 1849 legibue
947 1764 1126 1842 istorum,

56 1871 203 1952 quibus
232 1871 278 1936 de
312 1873 455 1937 ofiieio
486 1872 649 1938 foederis
678 1871 865 1949 utuntur,
891 1890 1125 1937 eoncessum

56 1977 1130 2060 esteranumhebere,possumns,quominushebeontY

59 2100 131 2146 non
155 2082 355 2166 impedire
376 2087 435 2150 eet.
482 2083 697 2149 seribendnm:
723 2084 756 2148 si
781 2081 942 2164 legibus
972 2082 1129 2166 ipsorum,
1167 2121 1170 2126 -

16 2206 19 2243 a
59 2189 204 2268 quibus
226 2188 380 2258 ueneficio
402 2189 566 2254 foederis
594 2190 778 2265 utuntur,
812 2206 1045 2252 eoncessum
1067 2195 1128 2252 est

60 2297 111 2358 eet.
171 2295 313 2360 Amiseni
346 2294 491 2362 beneficio
527 2294 649 2376 foederis
686 2294 750 2360 suis
785 2292 905 2376 legibus
941 2294 1125 2368 utebantor;

61 2398 179 2468 diuersa
212 2406 278 2466 eret
311 2400 449 2466 eondieio
481 2420 596 2476 eornm,
629 2401 692 2483 qni,
725 2401 762 2465 nt
790 2399 881 2480 paulo
911 2401 982 2482 post
1004 2399 1125 2475 dieitur,

60 2504 197 2572 Romano
220 2508 286 2572 iure
308 2507 447 2572 obstricti
470 2511 565 2572 erent.
608 2507 788 2588 ipsorum
811 2505 873 2571 inm
898 2505 1043 2570 Orellius.

156 2623 272 2708 Poneg.
295 2624 336 2686 30
359 2623 410 2699 (de
432 2623 497 2688 Nili
518 2622 716 2689 inundatione
731 2624 834 2688 mines
850 2625 971 2705 plene):
995 2623 1132 2707 Neque

63 2730 160 2793 enim
183 2730 310 2795 solum
334 2749 457 2812 regns
479 2729 571 2808 ille,
601 2748 683 2794 oum
707 2730 966 2813 expenditur,
997 2731 1131 2796 amnis

64 2831 167 2899 intre
188 2839 383 2917 usurpate
412 2853 568 2917 semper
595 2836 764 2902 collium
792 2838 1042 2904 substiterat
1063 2838 1125 2902 et·

65 2955 129 3018 que
151 2941 340 3019 haeserat,
364 2941 431 3006 sed
453 2940 597 3022 supino
619 2942 741 3006 etiem
766 2961 808 3007 oo
829 2944 1026 3009 elementi
1044 2944 1127 3009 solo

64 3047 114 3109 oet.
174 3046 242 3114 Non
278 3067 346 3112 sum
380 3047 505 3124 oblitus,
539 3065 630 3128 quam
664 3047 762 3113 libere
794 3055 865 3129 post
894 3049 1065 3132 Vergilium
1095 3052 1128 3113 et

65 3148 179 3218 livium
203 3153 329 3218 Teeitus
357 3155 391 3217 et
418 3152 470 3216 ulii
495 3151 554 3218 hoe
580 3151 725 3218 udieotivi
747 3155 801 3217 aut
822 3154 976 3235 participii
999 3155 1125 3235 pluralis

66 3261 175 3323 numeri
198 3277 268 3326 oum
290 3260 431 3343 genetivo
452 3259 665 3333 coniunctione
684 3259 731 3322 usi
747 3258 809 3322 sint
824 3257 976 3332 (Gremm.
992 3259 1060 3322 Lat.
1077 3262 1129 3324 ed.

67 3465 144 3543 plum
167 3468 249 3551 apud
270 3469 352 3535 huno
374 3472 523 3535 minorem
541 3468 676 3534 Plinium
690 3469 812 3534 nullum
831 3469 951 3545 notavi;
973 3469 1006 3534 id
1028 3471 1125 3536 offen-

70 3567 117 3651 dit,
139 3575 220 3658 quod
244 3594 342 3658 neque
363 3578 460 3658 pertis
482 3573 567 3639 notio
589 3574 648 3639 hoo
669 3574 736 3640 loeo
758 3580 830 3658 apte
852 3579 900 3640 est
915 3582 1028 3659 (neque
1043 3580 1125 3642 enim

69 3682 160 3754 portes
182 3681 301 3763 aliquot
322 3681 457 3758 collium,
488 3679 542 3746 sed
572 3680 630 3744 toti
658 3679 750 3745 eolles
778 3680 1004 3764 intelliguntur)
1027 3700 1131 3766 neque

70 3786 256 3866 proprietatis
279 3805 347 3852 oum
364 3805 397 3851 re
412 3785 581 3852 ooninnetae
602 3789 650 3863 (ut
666 3804 736 3850 eum
757 3788 914 3852 incerte
935 3809 1124 3854 rumorum

72 3884 232 3968 lieentum
265 3894 358 3976 etque
388 3892 447 3957 hoo
478 3893 580 3972 ipsum
613 3892 736 3968 ferrem,
768 3893 827 3959 nisi
856 3896 1017 3960 accederet
1036 3894 1132 3977 longe

72 3998 179 4072 gravior
200 3996 325 4062 offensio
348 4017 385 4062 ex
406 3997 550 4062 adverbio
573 4001 755 4080 (semper)
770 4000 925 4077 ndiuneto,
941 4000 1022 4082 quod
1038 4017 1127 4062 nemo

68 3358 106 3425 llI
127 3365 148 3444 ξ
171 3364 233 3426 284
255 3367 316 3429 not.
340 3367 383 3442 5),
405 3384 461 3428 nee
483 3384 531 3428 me
554 3370 667 3440 movet,
690 3363 771 3446 quod
793 3364 858 3428 eius
881 3369 1001 3446 generis
1023 3383 1126 3428 exem-
