2740 4572
409 263 568 322 Ammianus
586 263 771 320 Marcellinus.
1020 263 1080 326 ubi

53 479 163 526 sensns
187 459 296 544 vigiles
331 461 364 525 at
380 460 516 526 ‘aurium
550 459 757 526 delenimenta
786 462 955 544 captantes,
984 459 1043 526 hoc
1064 461 1122 539 osa

52 565 228 632 untantias
250 566 403 634 animatas
426 569 458 632 at
479 567 568 648 aptas
589 565 628 631 ad
650 584 738 632 aures
761 565 966 632 deleniendaa.

157 684 236 750 ibic
260 685 290 762 6,
314 685 370 748 lii:
405 683 645 750 amandatis
666 683 806 767 procul
823 683 1040 750 Graiorum
1061 682 1123 748 lo·

4 807 5 812 ’
53 790 183 874 gatis,
215 791 393 856 forsitan
426 790 466 854 et
497 790 692 855 necandis
725 807 790 854 ror
821 789 1025 873 longaevua
1047 805 1123 856 non

48 896 277 962 contentus
303 895 573 976 Hellesponto
603 942 610 957 .
634 941 641 958 .
665 941 672 958 .
696 942 703 957 .
728 895 865 960 Asiam
886 913 970 960 cnm
995 913 1124 961 uume-

52 1001 162 1067 rosis
184 1001 348 1084 populis
370 1018 612 1082 pervasurus
634 1002 825 1068 adveniet
845 1005 904 1067 cat.
934 1001 1007 1067 Sine
1031 1000 1123 1066 dubio

47 1108 207 1190 scriptum
223 1107 339 1172 marat:
357 1106 597 1172 Amandatis
619 1153 710 1185 ....,
733 1106 909 1173 forsitan
932 1111 970 1172 et
989 1105 1122 1173 necatis.

157 1212 339 1296 iainque:
361 1211 1123 1291 Quemiuxtaiavnsinoedebetiirnm-

54 1323 175 1386 batos
211 1317 492 1385 Chionitarum
535 1337 601 1384 rer
644 1318 760 1384 nobis
802 1320 963 1403 quidem
1005 1319 1124 1384 atate

50 1425 190 1494 media
211 1423 456 1509 rugosisque
477 1423 681 1497 membris,
714 1425 783 1489 aad
803 1427 933 1490 mente
954 1424 1121 1506 quadam

4 1603 5 1613 χ
51 1529 294 1618 grandifica
329 1529 553 1610 multisque
590 1531 858 1596 victoriarum
889 1529 1123 1614 insignibus

4 1627 5 1632 ’
54 1638 216 1704 nobilis
240 1636 298 1701 cot.
343 1635 536 1708 Siccodices
558 1635 620 1701 fida
641 1636 766 1721 dignis
787 1635 887 1718 prima
907 1654 1015 1709 mauu;
1051 1653 1122 1702 nam

48 1743 237 1827 peragendo
260 1741 417 1826 quidem
440 1742 511 1824 post
524 1742 643 1806 atate
658 1743 882 1826 trenepositum
897 1743 955 1810 est
987 1739 1124 1825 Apparet

53 1853 95 1918 ab
119 1869 156 1915 co
178 1849 312 1928 nomine,
335 1847 416 1932 quod
441 1848 498 1913 sub
520 1848 633 1912 littaris
654 1849 771 1914 uobis
788 1847 875 1926 lacot,
890 1847 1025 1931 incipere
1039 1847 1123 1932 prius

53 1955 205 2022 orationis
227 1954 410 2031 membrum,
434 1951 514 2036 qnod
534 1954 722 2020 contrarium
749 1959 881 2037 ponatur
908 1955 947 2032 ai,
970 1954 1053 2038 quod
1075 1972 1125 2020 se·

49 2064 174 2146 quitur,
198 2061 265 2126 sod
289 2064 419 2126 mente
440 2059 608 2143 quadam
630 2059 862 2144 grandifica
883 2062 952 2140 cet,
971 2060 1004 2126 id
1019 2064 1123 2127 autem

54 2187 172 2234 nomen
195 2166 380 2231 adiectivnm
402 2183 470 2230 asso
493 2163 604 2231 debere
632 2183 701 2229 cum
732 2165 894 2249 rugosis
914 2165 1123 2245 coniunctum,

4 2359 5 2362 Ἴ
50 2272 208 2358 qnoniam
236 2289 334 2355 nequa
361 2269 592 2337 substantivum
613 2268 730 2335 nudam
753 2269 845 2336 alteri
865 2271 937 2336 hnic
958 2272 1039 2354 parti
1061 2290 1124 2335 ru·

4 2417 5 2468 3
56 2381 252 2466 gosisque
275 2376 462 2442 membris
484 2375 561 2441 setis
583 2375 781 2460 responderet
802 2395 899 2460 neque
922 2376 949 2443 ei
972 2375 1125 2442 ablativus

52 2489 180 2551 atate
214 2484 343 2548 modia
374 2483 456 2548 recte
488 2481 705 2564 applicaretur.
760 2484 904 2563 Suspicor
925 2482 1126 2547 Ammianum

4 2659 5 2666 ,
58 2593 235 2674 scripsisse:
268 2589 357 2656 robis
387 2588 548 2670 quidem
579 2589 698 2653 aetatc
725 2588 855 2654 media
883 2589 1126 2672 rugosisque

4 2709 6 2716 ’
57 2721 87 2765 m
99 2697 250 2764 umbris
266 2694 438 2778 rarioroque
454 2694 736 2778 vocabularium
753 2694 923 2777 comparari
938 2693 1040 2772 veiim,
1058 2711 1126 2776 qnae

52 2804 222 2869 Cranrerus
253 2799 391 2882 exposuit
416 2799 455 2864 ad
477 2798 573 2865 schol.
597 2801 701 2866 iuven.
723 2799 809 2876 vili,
836 2801 919 2877 iba·
934 2799 1126 2885 significasse

53 2899 196 2974 colorem
226 2926 244 2970 a
272 2904 362 2971 molli
390 2907 488 2970 nitore
517 2907 624 2988 primas
647 2908 748 2973 aetatis
770 2907 802 2971 iu
824 2906 977 2972 duriorem
1001 2910 1033 2972 at
1055 2907 1125 2972 sub·

30 3015 182 3084 ¹fuscum
210 3030 357 3076 annorum
387 3013 419 3076 ot
447 3012 589 3078 laborum
614 3031 776 3097 progressu
799 3013 976 3078 traductum
1004 3015 1036 3078 et
1057 3032 1127 3079 cum

54 3119 228 3203 asperitate
250 3117 331 3184 cutis
353 3117 561 3184 coniunctum.

162 3223 241 3290 lbid.
261 3225 289 3302 8,
316 3224 370 3287 13:
394 3207 487 3287 Nam
511 3225 550 3288 et
571 3241 665 3288 casu
686 3221 777 3287 illis
798 3221 901 3304 ipsis
924 3222 1067 3288 dicbus
1089 3224 1127 3288 in

4 3327 5 3340 ¹
56 3330 307 3396 suburbanis
349 3329 563 3413 peregrina
604 3328 841 3395 commercia
881 3328 1127 3394 circumacto

56 3454 163 3502 anno
199 3435 328 3500 solite
362 3434 567 3500 celebrari
603 3433 824 3500 multitudo
861 3450 1128 3500 convenarum

57 3541 237 3626 augebat
259 3539 495 3624 agrestium.
528 3541 644 3608 Iniuria
658 3543 729 3624 post
743 3539 906 3605 Gelonium
929 3539 1129 3604 celebrare

62 3649 217 3726 scribitur,
250 3632 353 3714 verbis
379 3664 473 3729 prave
500 3647 713 3729 interpunctis.
760 3645 846 3712 Nihil
874 3645 1052 3730 angebatur,
1075 3644 1130 3712 sed

60 3753 233 3818 multitudo
255 3771 460 3819 convenarum
483 3753 605 3837 agebat
625 3753 787 3838 peregrina
801 3751 983 3818 commercia
999 3753 1129 3817 circnm-

59 3860 132 3925 acto
155 3877 233 3925 anno
254 3859 345 3925 solita
369 3860 528 3926 celebrari.

142 3997 146 4034 :
163 3963 231 4028 Lib.
254 3963 339 4044 XIX,
364 3967 392 4044 2,
415 3968 451 4030 9:
474 3964 649 4048 Namque
672 4011 703 4026 ..
727 3965 1052 4048 propugnatores
1072 4007 1079 4023 .
1096 4006 1130 4023 ..

61 4071 103 4134 in
125 4070 292 4137 maximo
317 4069 562 4136 defendendi
581 4071 721 4136 ardore
743 4069 876 4135 sancii
902 4067 1142 4151 perniciosa

899 4186 932 4241 17
