2728 4582
497 279 641 350 Sophoclis
659 282 738 336 Aiax.
1073 281 1112 344 ll

70 477 189 562 Negat
218 479 338 545 Touoer
366 477 567 544 Telamonem
599 496 632 543 se
665 497 734 542 oum
765 479 875 544 nuntio
908 477 1016 545 mortis
1049 477 1154 543 Aiaois

80 584 266 650 redeuntem
299 586 428 651 comiter
460 586 493 651 eb
524 585 621 650 hilaro
655 585 853 666 excepturum
880 602 958 666 esse,
988 585 1041 669 qui
1062 602 1099 649 no
1121 584 1153 648 in

79 691 164 756 bona
200 691 326 774 quidem
356 691 479 757 ionluna
511 690 609 757 oomis
642 694 674 755 el
706 689 824 754 hilarus
857 709 924 756 ease
956 691 1065 769 soleat,
1099 689 1154 757 sed

69 815 206 863 severus
228 801 259 862 et
281 797 388 865 tristis.
437 797 552 863 Verum
578 815 675 880 neque
698 796 803 862 Graeoe
825 796 938 863 dioilur
959 792 1060 864 ἵλεοίυ
1082 797 1152 864 ἐστι’

75 929 144 987 μοι
158 904 271 991 γελᾶν,
295 923 355 969 non
381 905 481 988 magis
506 923 598 987 quam
620 903 745 968 Latine:
771 902 946 970 hilarum
970 909 1032 970 est
1052 903 1152 969 mihi

78 1008 240 1089 ridere,
273 1029 372 1093 noque
404 1010 436 1075 id
466 1009 497 1074 in
524 1009 690 1076 Telamone
719 1008 959 1084 desiderabatur,
985 1007 1065 1091 quod
1092 1027 1151 1074 non

78 1117 181 1182 ridere
203 1117 325 1182 soleret.
370 1116 473 1195 (Quod
495 1109 586 1199 πάρα
609 1133 664 1199 pro
686 1107 829 1198 meipsum
851 1134 870 1180 a
891 1114 1048 1180 nonnullis
1070 1114 1150 1180 aoei-

69 1220 176 1300 pitur,
201 1240 260 1287 non
282 1223 395 1308 agitur,
418 1222 494 1306 quid
517 1222 679 1290 Telamoni
701 1221 817 1296 lineat.)
860 1221 1077 1287 Scribendnm:

482 1379 519 1396 ..
542 1376 550 1393 .
574 1324 640 1415 ὅτῳ
663 1321 757 1412 ποίρα

178 1426 259 1520 μηδ’
281 1427 479 1519 εὐτυχοῦντι
501 1435 610 1520 μηδὲν
632 1436 731 1502 ἵλεων
752 1419 884 1521 γελᾷ,ι

78 1539 134 1610 „in
156 1559 213 1623 quo
235 1560 273 1605 no
295 1541 327 1605 in
347 1540 426 1606 bona
442 1542 568 1634 quidem
582 1542 704 1607 fortuna
717 1540 815 1606 hilare
831 1540 1000 1625 quidquam
1016 1543 1047 1606 et
1062 1560 1148 1608 como

70 1647 129 1722 ¹(in
149 1648 248 1724 vultu)
270 1647 416 1715 arrides.

231 1788 311 1850 1012
334 1805 397 1869 sq.:

177 1881 278 1968 οὗτος
298 1893 332 1960 τί
354 1887 495 1979 κρύψεις
518 1907 620 1960 πσῑου
641 1886 703 1961 ov'n
726 1899 795 1979 ἐρεῖ
817 1892 922 1960 aanor

176 1994 238 2068 τὸυ
260 2006 296 2066 ἐκ
319 1995 418 2085 (λσρός
439 2001 571 2088 γεγῶτα
594 2001 764 2086 πολεμίου
785 1993 915 2080 νόθους

80 2105 251 2188 Ρετίοορτο,
275 2107 325 2188 qui
350 2126 385 2171 sn
407 2107 529 2188 captiva
555 2109 645 2174 natus
668 2110 720 2185 sil,
742 2126 778 2172 eu
800 2109 890 2174 hasla
911 2110 1016 2175 hostili
1039 2113 1145 2174 nalum

69 2212 137 2278 dini
153 2218 199 2289 (ἐκ
216 2208 315 2297 δορός
331 2212 513 2295 πολεμίου)
528 2213 727 2278 manifestum
743 2216 799 2281 est.
835 2215 896 2279 Sed
911 2234 966 2280 our
976 2215 1146 2297 πολεμίου

79 2320 108 2382 in
136 2319 338 2402 suspicionem
367 2322 500 2391 vooebur,
529 2318 616 2383 nulla
644 2323 691 2384 esi
719 2339 823 2396 oausa3
851 2341 905 2404 pro
936 2315 1034 2405 δορός
1061 2339 1145 2403 quae-

79 2423 203 2490 rendum
230 2427 279 2491 esi
299 2425 481 2490 vocabulum
505 2427 551 2489 rei
573 2427 679 2507 aptum
702 2445 756 2490 neo
774 2426 866 2511 longe
881 2425 996 2494 litberis
1011 2427 1145 2493 distans.

69 2532 206 2615 'Utrique
228 2532 398 2598 condicioni
420 2529 575 2595 salislaoib
598 2531 662 2596 haee
684 2533 849 2616 soripbura:

174 2655 237 2726 τόυ
259 2665 293 2726 ἐκ
317 2653 486 2744 σπόρου
507 2662 637 2748 γεγῶτα
660 2663 830 2747 πολεμίου
852 2654 974 2737 νόθου,

69 2783 112 2830 en
133 2767 332 2833 seminatione
353 2765 469 2832 hostili.

226 2909 304 2970 llll
327 2927 409 2992 sqq.:

174 3007 216 3081 ου’
237 3010 301 3102 γοίρ
323 3041 356 3080 τι
379 3017 440 3099 τῆς
463 3015 525 3098 τῆς
546 3007 645 3097 εἵνεκ’
664 3011 908 3098 ἐστρατεύσατο

173 3113 346 3209 γυναικός,
370 3118 482 3205 ὥσπερ
506 3125 538 3186 oi
561 3115 672 3187 πόνου
694 3123 824 3190 πολλου
848 3124 950 3213 πλέῳ,

174 3221 247 3296 αλλ’
268 3226 367 3315 εἵνεχ’
389 3225 500 3312 ὅρκου
521 3223 610 3294 σίσευ
631 3217 675 3310 ἦν
698 3222 877 3312 εὐοίμστος.
1058 3309 1065 3322 .

72 3353 244 3432 ¹Quomodo,
266 3357 321 3440 qui
342 3357 482 3422 mulieris
499 3356 653 3439 (Helena)
672 3375 765 3423 eausa
779 3359 902 3424 Troiam
919 3359 1046 3442 proieoli
1069 3360 1141 3439 sini,

74 3458 135 3526 diei
165 3463 287 3545 possint
318 3457 429 3529 πότου
459 3463 590 3529 πολλοῦ
614 3464 711 3550 πλέῳ,
753 3465 835 3529 varie
868 3467 1018 3536 enarrant.
1052 3484 1142 3533 nemo

78 3568 274 3646 probabiliter
296 3577 350 3635 aut
373 3570 427 3643 sio,
450 3574 485 3633 ub
507 3568 577 3650 apis
599 3569 657 3634 hoo
681 3571 867 3635 eontrarium
887 3573 1018 3654 ponatur
1039 3571 1142 3638 Aisois

79 3672 172 3738 solam
205 3674 281 3739 iuris
314 3674 435 3739 iurandi
467 3674 561 3738 fidem
595 3676 692 3740 seonbi
729 3675 770 3741 ad
802 3677 919 3743 bellum
950 3677 1141 3760 profectioni.

79 3775 232 3859 Optimam
268 3781 453 3846 senteutiam
490 3781 680 3858 habebimus,
718 3782 745 3846 si
780 3802 843 3849 nna
877 3783 986 3849 littera
1021 3787 1142 3851 mutata

74 3885 302 3967 scripserimus:
347 3934 356 3951 .
380 3936 387 3950 .
413 3937 419 3949 .
443 3878 592 3953 πόθου
614 3888 745 3954 πολλοῦ
767 3892 867 3976 πλέῳ.
911 3889 1140 3975 Significantur,

74 4008 149 4072 -quos
180 3991 308 4057 Helenae
340 3991 536 4075 pulohriludo
570 4011 673 4058 amore
706 3996 738 4059 ei
771 3995 922 4061 desiderio
955 3996 994 4060 ad
1024 3995 1141 4062 bellum

78 4101 245 4164 uooarsral.
