2740 4572
269 207 330 272 m
587 209 892 280 ·mmmm

216 403 407 487 temporalis
428 412 525 485 (cum
549 441 586 454 -
611 405 849 484 excesserit)
875 408 907 473 et
932 405 1136 492 hypotheticae
1158 403 1318 481 (iecis-
1357 429 1358 498 p

219 510 304 585 set)
337 527 443 594 neque,
466 513 502 576 ut
523 530 604 576 nune
626 512 710 578 locus
739 512 892 591 scribitur,
921 511 1019 578 ullam
1047 513 1210 577 minimam
1236 528 1316 577 esse
1357 581 1358 588 ,

225 614 486 699 significationem
518 615 706 684 condicionis
741 619 816 698 eius,
850 620 889 685 ad
922 637 1015 702 quam
1047 619 1113 684 hac
1145 616 1315 682 sententia
1357 609 1358 684 l

225 720 426 804 hypothetice
442 723 699 789 accommodetur.
723 725 890 790 sentencia
905 729 937 791 et
953 724 1099 790 emtionis
1111 722 1314 788 cohaerentia

228 825 412 916 restituetur
432 847 492 893 non
514 827 561 894 ita
583 847 696 912 magna
717 831 904 896 mutatione:
935 829 1024 910 Quae
1050 829 1139 894 lues
1161 827 1311 894 oriens

228 932 465 1016 sprofundo
493 933 660 1016 quodam
688 940 825 1018 puteo,
855 955 940 1002 cnm
969 955 1009 1002 os
1039 935 1126 1000 eins
1149 933 1311 1010 excessit,

218 1037 313 1104 ¹siin
343 1037 471 1105 latum
500 1043 610 1116 ante,
643 1058 757 1123 quum
792 1043 1027 1121 sublimius,
1060 1041 1308 1124 vagaretur,
1357 1073 1358 1100 l

229 1145 362 1208 terras
384 1123 647 1211 circumsitas
669 1145 971 1214 inhabitabiles
992 1147 1224 1214 acerbitate
1248 1145 1307 1210 se·
1357 1137 1358 1226 ᾗ

227 1250 367 1315 cisset.
413 1250 446 1316 si
468 1269 521 1315 aer
541 1251 699 1317 insaluber
717 1271 752 1318 er
767 1270 819 1318 ore
832 1253 919 1335 putei
934 1253 1035 1319 editus
1050 1251 1137 1334 prius
1152 1251 1185 1316 in
1200 1252 1308 1316 latum

217 1356 415 1438 (calmetis)
439 1376 492 1440 per
513 1356 706 1438 superficiem
728 1358 819 1423 terra
833 1360 1009 1442 vagaretur,
1025 1377 1117 1441 quam
1134 1355 1307 1423 sublimius
1357 1377 1358 1452 p

229 1462 434 1554 extolleretur,
467 1461 687 1528 inhabitabiles
719 1466 818 1530 terras
850 1464 990 1540 lecisset;
1026 1483 1117 1540 nunc,
1154 1465 1306 1546 quoniam
1357 1457 1358 1542 l

229 1569 338 1633 statim
362 1568 505 1634 sublimis
527 1569 559 1632 in
582 1569 751 1650 superiores
766 1570 847 1637 aeris
861 1571 1003 1654 regiones
1018 1570 1175 1635 extollitur
1200 1587 1306 1651 neque

232 1676 263 1738 in
285 1674 383 1740 latum
406 1673 598 1748 diffunditur,
613 1692 673 1739 non
696 1676 789 1741 nocet
809 1676 901 1742 torris
922 1675 985 1742 nisi
1005 1676 1039 1742 iu
1060 1675 1198 1758 proximo
1219 1693 1305 1740 mar·

223 1779 303 1864 gine
324 1780 420 1862 putei.
469 1779 567 1845 Paulo
599 1780 703 1846 donor
735 1780 882 1847 orationis
914 1783 1013 1848 torma
1046 1799 1101 1846 nec
1133 1779 1305 1846 tamenab

225 1887 395 1950 xAmmiano
417 1883 580 1950 abhorrens
603 1885 637 1950 in
657 1885 723 1951 his:
757 1886 791 1951 si
823 1886 862 1952 in
895 1888 1022 1954 latum
1056 1891 1163 1966 ante,
1186 1902 1304 1968 quem

220 1990 470 2072 sublimius,
493 1993 732 2074 vagaretur,
753 2010 815 2057 uuo
836 1994 930 2060 verbo
951 1993 991 2058 ad
1012 1993 1180 2074 utrumque
1201 2009 1302 2056 mem·

232 2097 322 2161 hrum
343 2098 582 2178 accommodato,
614 2097 776 2175 vitaretur,
805 2098 833 2164 si
860 2100 905 2166 sic
932 2099 1131 2166 scriberetur:
1155 2114 1304 2162 cunnos

222 2202 319 2268 ¹eius
349 2203 543 2283 excessit,
581 2203 615 2269 si
645 2204 809 2287 <iret>
844 2204 1049 2283 inlatum,
1089 2203 1307 2286 autequam

126 2345 131 2353 ·
230 2308 454 2375 sublimius
497 2311 718 2392 vagaretur
759 2312 833 2385 cet;
876 2309 929 2374 sed
971 2310 1113 2376 audacior
1152 2310 1216 2376 baec
1256 2311 1306 2376 est

229 2415 378 2481 correctio
400 2416 520 2498 longius
542 2433 560 2480 a
581 2415 722 2499 vestigiis
744 2415 883 2482 codicum
905 2415 1075 2482 discedens.

331 2522 411 2587 Ibid.
434 2521 523 2604 §bh
545 2522 733 2587 Abundat
754 2520 1135 2605 iaqucoivitatihus
1156 2519 1303 2604 quibus

217 2628 399 2710 dilauptins
421 2627 593 2704 ditibus)
610 2627 741 2694 Media
764 2633 802 2696 et
823 2627 929 2695 vicis
950 2629 988 2692 in
1011 2625 1165 2693 modum
1188 2625 1299 2708 oppi-

230 2733 368 2799 dorum
393 2735 619 2798 erstructis
643 2735 700 2798 cet.
745 2733 796 2799 Sic
810 2734 940 2800 codices.
984 2733 1030 2798 Ex
1050 2735 1168 2816 isque
1186 2731 1300 2797 lucien-

218 2836 303 2901 -dum
326 2839 430 2918 potius
449 2837 559 2921 itaque
574 2840 712 2920 (propter
727 2837 786 2904 soli
802 2839 996 2905 fertilitatem
1012 2843 1084 2906 auto
1101 2838 1299 2920 descriptam)

219 2961 324 3026 -quam
348 2959 473 3026 aque,
495 2943 578 3026 quod
599 2963 681 3010 nuno
702 2944 814 3010 editur.
1212 3017 1216 3022 ,

333 3049 410 3114 ibid.
431 3049 517 3133 §632
541 3048 653 3114 luter
673 3050 845 3116 llumina
865 3050 1116 3128 veromulta,
1138 3067 1300 3133 quaeper

220 3155 300 3221 :has
336 3158 468 3221 terras
507 3157 569 3222 vel
605 3155 833 3240 potioribus
874 3157 1011 3242 iungit
1053 3157 1196 3222 natura
1236 3157 1298 3221 vel

230 3261 347 3344 lapsu
379 3264 469 3344 post
501 3262 633 3329 trahit
659 3265 700 3340 in
730 3281 835 3329 mare
858 3261 918 3328 cet.
959 3262 1103 3345 Ineptum
1124 3262 1173 3326 est
1193 3262 1295 3344 post;

217 3366 423 3435 desideratur
446 3368 558 3452 proprii
581 3371 614 3435 et
635 3389 653 3436 a
675 3368 786 3434 ceteris
816 3369 950 3452 separati
977 3367 1082 3451 lapsus
1105 3366 1294 3451 significatio.

225 3475 447 3542 scribendum:
484 3478 600 3559 lapsu
636 3477 750 3562 suopte
785 3475 916 3540 trahit
953 3475 993 3540 in
1031 3493 1145 3539 mare.
1195 3474 1293 3540 Semel

218 3581 353 3662 scriptis
375 3581 488 3647 litteris
509 3600 553 3646 su
574 3581 752 3648 terminatio
776 3579 962 3664 pronominis
983 3581 1125 3662 corrupta
1147 3584 1203 3645 est

331 3697 408 3764 lbid.
432 3699 517 3782 §642
550 3699 595 3765 ab
617 3697 871 3766 occidentali
890 3697 1023 3764 latere
1045 3695 1207 3781 Scythis
1225 3715 1292 3762 an·

229 3821 364 3882 nexos,
387 3822 405 3869 a
427 3805 709 3888 septentrione
730 3809 769 3870 et
792 3797 1120 3870 orientali'uosae
1143 3803 1290 3868 solitu·

216 3911 316 3976 »dini
337 3910 594 3977 coherentes.
624 3909 690 3976 'Sic
713 3911 749 3974 V.
793 3909 952 3975 illicitur:
974 3928 993 3976 a
1014 3911 1289 3994 septentrione
1357 3943 1358 3959 .

219 4020 270 4083 et
292 4016 420 4083 oriente
440 4015 590 4082 nivosae
612 4022 696 4093 (non,
718 4016 754 4080 ut
775 4015 884 4094 editur,
908 4015 1128 4093 orientali).
