<?xml version="1.0" encoding="UTF-8"?>
<!DOCTYPE html PUBLIC "-//W3C//DTD XHTML 1.0 Transitional//EN"
    "http://www.w3.org/TR/xhtml1/DTD/xhtml1-transitional.dtd">
<html xmlns="http://www.w3.org/1999/xhtml" xml:lang="en" lang="en">
 <head>
  <title>
</title>
<meta http-equiv="Content-Type" content="text/html;charset=utf-8" />
  <meta name='ocr-system' content='tesseract 3.04.00' />
  <meta name='ocr-capabilities' content='ocr_page ocr_carea ocr_par ocr_line ocrx_word'/>
</head>
<body>
  <div class='ocr_page' id='page_1' title='image "./adversariacriti01madvgoog_0278.png"; bbox 0 0 2740 4572; ppageno 0'>
   <div class='ocr_carea' id='block_1_1' title="bbox 431 247 1105 324">
    <p class='ocr_par' dir='ltr' id='par_1_1' title="bbox 431 247 1105 324">
     <span class='ocr_line' id='line_1_1' title="bbox 431 247 1105 324; baseline 0.012 -8"><span class='ocrx_word' id='word_1_1' title='bbox 431 257 588 316; x_wconf 79' lang='lat' dir='ltr'><strong>Ammianus</strong></span> <span class='ocrx_word' id='word_1_2' title='bbox 606 259 793 317; x_wconf 80' lang='lat' dir='ltr'><strong>Marcellinus.</strong></span> <span class='ocrx_word' id='word_1_3' title='bbox 1045 247 1105 324; x_wconf 66' lang='lat'><strong>267</strong></span> 
     </span>
    </p>
   </div>
   <div class='ocr_carea' id='block_1_2' title="bbox 70 455 1151 843">
    <p class='ocr_par' dir='ltr' id='par_1_2' title="bbox 70 455 1151 843">
     <span class='ocr_line' id='line_1_2' title="bbox 179 455 1151 541; baseline 0.004 -21"><span class='ocrx_word' id='word_1_4' title='bbox 179 455 260 522; x_wconf 90' lang='lat' dir='ltr'><strong>lbid.</strong></span> <span class='ocrx_word' id='word_1_5' title='bbox 297 456 315 539; x_wconf 66' lang='grc' dir='ltr'><strong>ς</strong></span> <span class='ocrx_word' id='word_1_6' title='bbox 348 455 406 521; x_wconf 78' lang='grc' dir='ltr'><strong>7οε</strong></span> <span class='ocrx_word' id='word_1_7' title='bbox 452 457 524 522; x_wconf 89' lang='lat' dir='ltr'><strong>His</strong></span> <span class='ocrx_word' id='word_1_8' title='bbox 567 456 669 523; x_wconf 89' lang='lat' dir='ltr'><strong>locis</strong></span> <span class='ocrx_word' id='word_1_9' title='bbox 704 457 1013 541; x_wconf 75' lang='lat' dir='ltr'><strong>Paropanisadae</strong></span> <span class='ocrx_word' id='word_1_10' title='bbox 1056 459 1151 524; x_wconf 91' lang='lat' dir='ltr'><strong>sunt</strong></span> 
     </span>
     <span class='ocr_line' id='line_1_3' title="bbox 71 560 1147 648; baseline 0.004 -22"><span class='ocrx_word' id='word_1_11' title='bbox 71 562 266 644; x_wconf 80' lang='lat' dir='ltr'><strong>proximi,</strong></span> <span class='ocrx_word' id='word_1_12' title='bbox 309 560 431 628; x_wconf 88' lang='lat' dir='ltr'><strong>Indos</strong></span> <span class='ocrx_word' id='word_1_13' title='bbox 473 562 519 628; x_wconf 95' lang='lat' dir='ltr'><strong>ab</strong></span> <span class='ocrx_word' id='word_1_14' title='bbox 563 563 721 629; x_wconf 90' lang='lat' dir='ltr'><strong>oriente</strong></span> <span class='ocrx_word' id='word_1_15' title='bbox 757 564 1058 648; x_wconf 76' lang='lat' dir='ltr'><strong>Caucasumque</strong></span> <span class='ocrx_word' id='word_1_16' title='bbox 1101 564 1147 630; x_wconf 93' lang='lat' dir='ltr'><strong>ab</strong></span> 
     </span>
     <span class='ocr_line' id='line_1_4' title="bbox 70 665 1148 754; baseline 0.003 -22"><span class='ocrx_word' id='word_1_17' title='bbox 70 665 336 734; x_wconf 86' lang='lat' dir='ltr'><strong>occidentali</strong></span> <span class='ocrx_word' id='word_1_18' title='bbox 363 667 494 734; x_wconf 90' lang='lat' dir='ltr'><strong>latera</strong></span> <span class='ocrx_word' id='word_1_19' title='bbox 526 671 854 752; x_wconf 74' lang='lat' dir='ltr'><strong>prospectantes,</strong></span> <span class='ocrx_word' id='word_1_20' title='bbox 884 670 963 752; x_wconf 85' lang='lat' dir='ltr'><strong>ipsi</strong></span> <span class='ocrx_word' id='word_1_21' title='bbox 992 686 1148 754; x_wconf 86' lang='lat' dir='ltr'><strong>quoque</strong></span> 
     </span>
     <span class='ocr_line' id='line_1_5' title="bbox 74 772 1149 843; baseline -0.001 -3"><span class='ocrx_word' id='word_1_22' title='bbox 74 775 275 840; x_wconf 89' lang='lat' dir='ltr'><strong>montium</strong></span> <span class='ocrx_word' id='word_1_23' title='bbox 299 772 533 841; x_wconf 75' lang='lat' dir='ltr'><strong>defectibus</strong></span> <span class='ocrx_word' id='word_1_24' title='bbox 553 774 753 841; x_wconf 87' lang='lat' dir='ltr'><strong>inclinati</strong></span> <span class='ocrx_word' id='word_1_25' title='bbox 774 777 833 842; x_wconf 87' lang='lat' dir='ltr'><strong>cet.</strong></span> <span class='ocrx_word' id='word_1_26' title='bbox 877 775 945 842; x_wconf 90' lang='lat' dir='ltr'><strong>Non</strong></span> <span class='ocrx_word' id='word_1_27' title='bbox 964 773 1149 843; x_wconf 82' lang='lat' dir='ltr'><strong>deficiebant</strong></span> 
     </span>
    </p>
   </div>
   <div class='ocr_carea' id='block_1_3' title="bbox 16 878 1148 1051">
    <p class='ocr_par' dir='ltr' id='par_1_3' title="bbox 16 878 1148 1051">
     <span class='ocr_line' id='line_1_6' title="bbox 17 878 1148 966; baseline 0 -21"><span class='ocrx_word' id='word_1_28' title='bbox 17 914 19 966; x_wconf 83' lang='lat' dir='ltr'><strong>l</strong></span> <span class='ocrx_word' id='word_1_29' title='bbox 73 880 209 958; x_wconf 83' lang='lat' dir='ltr'><strong>montes,</strong></span> <span class='ocrx_word' id='word_1_30' title='bbox 238 878 291 944; x_wconf 86' lang='lat' dir='ltr'><strong>sed</strong></span> <span class='ocrx_word' id='word_1_31' title='bbox 319 879 352 944; x_wconf 91' lang='lat' dir='ltr'><strong>iu</strong></span> <span class='ocrx_word' id='word_1_32' title='bbox 381 881 543 963; x_wconf 86' lang='lat' dir='ltr'><strong>praeruptis</strong></span> <span class='ocrx_word' id='word_1_33' title='bbox 571 881 720 948; x_wconf 90' lang='lat' dir='ltr'><strong>lateribus</strong></span> <span class='ocrx_word' id='word_1_34' title='bbox 741 885 773 947; x_wconf 90' lang='lat' dir='ltr'><strong>et</strong></span> <span class='ocrx_word' id='word_1_35' title='bbox 795 881 972 950; x_wconf 79' lang='lat' dir='ltr'><strong>delentibus</strong></span> <span class='ocrx_word' id='word_1_36' title='bbox 992 880 1148 946; x_wconf 90' lang='lat' dir='ltr'><strong>montium</strong></span> 
     </span>
     <span class='ocr_line' id='line_1_7' title="bbox 16 983 285 1051; baseline -0.011 -1"><span class='ocrx_word' id='word_1_37' title='bbox 16 1017 17 1050; x_wconf 64' lang='lat' dir='ltr'><strong>r</strong></span> <span class='ocrx_word' id='word_1_38' title='bbox 69 983 285 1051; x_wconf 77' lang='lat' dir='ltr'><strong>habitabatur.</strong></span> 
     </span>
    </p>
   </div>
   <div class='ocr_carea' id='block_1_4' title="bbox 68 1079 1149 1613">
    <p class='ocr_par' dir='ltr' id='par_1_4' title="bbox 68 1079 1149 1613">
     <span class='ocr_line' id='line_1_8' title="bbox 178 1079 1147 1190; baseline 0.002 -23"><span class='ocrx_word' id='word_1_39' title='bbox 178 1101 260 1168; x_wconf 88' lang='lat' dir='ltr'><strong>Ibid.</strong></span> <span class='ocrx_word' id='word_1_40' title='bbox 283 1103 301 1186; x_wconf 65' lang='grc' dir='ltr'><strong>ς</strong></span> <span class='ocrx_word' id='word_1_41' title='bbox 323 1103 381 1169; x_wconf 80' lang='grc' dir='ltr'><strong>8οε</strong></span> <span class='ocrx_word' id='word_1_42' title='bbox 414 1123 484 1170; x_wconf 90' lang='lat' dir='ltr'><strong>nec</strong></span> <span class='ocrx_word' id='word_1_43' title='bbox 505 1104 763 1171; x_wconf 80' lang='lat' dir='ltr'><strong>ministranti</strong></span> <span class='ocrx_word' id='word_1_44' title='bbox 785 1079 887 1190; x_wconf 83' lang='lat' dir='ltr'><strong>apud</strong></span> <span class='ocrx_word' id='word_1_45' title='bbox 911 1123 977 1171; x_wconf 88' lang='lat' dir='ltr'><strong>eos</strong></span> <span class='ocrx_word' id='word_1_46' title='bbox 999 1105 1147 1171; x_wconf 84' lang='lat' dir='ltr'><strong>lamule</strong></span> 
     </span>
     <span class='ocr_line' id='line_1_9' title="bbox 71 1209 1149 1296; baseline 0.001 -22"><span class='ocrx_word' id='word_1_47' title='bbox 71 1226 302 1292; x_wconf 78' lang='lat' dir='ltr'><strong>mensaque</strong></span> <span class='ocrx_word' id='word_1_48' title='bbox 337 1211 494 1277; x_wconf 89' lang='lat' dir='ltr'><strong>astanti</strong></span> <span class='ocrx_word' id='word_1_49' title='bbox 533 1209 694 1278; x_wconf 83' lang='lat' dir='ltr'><strong>hiscere</strong></span> <span class='ocrx_word' id='word_1_50' title='bbox 730 1214 790 1279; x_wconf 86' lang='lat' dir='ltr'><strong>vel</strong></span> <span class='ocrx_word' id='word_1_51' title='bbox 822 1211 936 1296; x_wconf 88' lang='lat' dir='ltr'><strong>loqui</strong></span> <span class='ocrx_word' id='word_1_52' title='bbox 965 1210 1149 1277; x_wconf 87' lang='lat' dir='ltr'><strong>licetvel</strong></span> 
     </span>
     <span class='ocr_line' id='line_1_10' title="bbox 74 1315 1145 1401; baseline 0.003 -21"><span class='ocrx_word' id='word_1_53' title='bbox 74 1334 243 1398; x_wconf 87' lang='lat' dir='ltr'><strong>spuere;</strong></span> <span class='ocrx_word' id='word_1_54' title='bbox 275 1317 334 1381; x_wconf 90' lang='lat' dir='ltr'><strong>ita</strong></span> <span class='ocrx_word' id='word_1_55' title='bbox 365 1315 590 1399; x_wconf 88' lang='lat' dir='ltr'><strong>prostratis</strong></span> <span class='ocrx_word' id='word_1_56' title='bbox 622 1318 804 1401; x_wconf 90' lang='lat' dir='ltr'><strong>pellibus</strong></span> <span class='ocrx_word' id='word_1_57' title='bbox 832 1318 947 1383; x_wconf 89' lang='lat' dir='ltr'><strong>labra</strong></span> <span class='ocrx_word' id='word_1_58' title='bbox 974 1319 1145 1383; x_wconf 91' lang='lat' dir='ltr'><strong>omnium</strong></span> 
     </span>
     <span class='ocr_line' id='line_1_11' title="bbox 71 1421 1148 1510; baseline 0.002 -24"><span class='ocrx_word' id='word_1_59' title='bbox 71 1423 326 1487; x_wconf 84' lang='lat' dir='ltr'><strong>vinciuntur.</strong></span> <span class='ocrx_word' id='word_1_60' title='bbox 381 1421 512 1488; x_wconf 85' lang='lat' dir='ltr'><strong>Videtur</strong></span> <span class='ocrx_word' id='word_1_61' title='bbox 541 1423 654 1490; x_wconf 83' lang='lat' dir='ltr'><strong>fuisse:</strong></span> <span class='ocrx_word' id='word_1_62' title='bbox 688 1423 945 1510; x_wconf 86' lang='lat' dir='ltr'><strong>itaperl&#39;oratis</strong></span> <span class='ocrx_word' id='word_1_63' title='bbox 968 1423 1148 1505; x_wconf 87' lang='lat' dir='ltr'><strong>pellibus</strong></span> 
     </span>
     <span class='ocr_line' id='line_1_12' title="bbox 68 1526 1111 1613; baseline -0.002 -20"><span class='ocrx_word' id='word_1_64' title='bbox 68 1529 124 1607; x_wconf 82' lang='lat' dir='ltr'><strong>(ut</strong></span> <span class='ocrx_word' id='word_1_65' title='bbox 147 1526 291 1610; x_wconf 89' lang='lat' dir='ltr'><strong>spiritum</strong></span> <span class='ocrx_word' id='word_1_66' title='bbox 315 1527 427 1594; x_wconf 84' lang='lat' dir='ltr'><strong>ducere</strong></span> <span class='ocrx_word' id='word_1_67' title='bbox 449 1529 629 1596; x_wconf 83' lang='lat' dir='ltr'><strong>nontamen</strong></span> <span class='ocrx_word' id='word_1_68' title='bbox 652 1528 738 1613; x_wconf 91' lang='lat' dir='ltr'><strong>loqui</strong></span> <span class='ocrx_word' id='word_1_69' title='bbox 760 1531 816 1594; x_wconf 87' lang='lat' dir='ltr'><strong>aut</strong></span> <span class='ocrx_word' id='word_1_70' title='bbox 838 1547 947 1612; x_wconf 81' lang='lat' dir='ltr'><strong>spuere</strong></span> <span class='ocrx_word' id='word_1_71' title='bbox 970 1531 1111 1611; x_wconf 89' lang='lat' dir='ltr'><strong>possint).</strong></span> 
     </span>
    </p>
   </div>
   <div class='ocr_carea' id='block_1_5' title="bbox 70 1677 1147 2402">
    <p class='ocr_par' dir='ltr' id='par_1_5' title="bbox 70 1677 1147 2402">
     <span class='ocr_line' id='line_1_13' title="bbox 179 1677 1145 1758; baseline 0 -14"><span class='ocrx_word' id='word_1_72' title='bbox 179 1681 246 1746; x_wconf 85' lang='lat' dir='ltr'><strong>Lib.</strong></span> <span class='ocrx_word' id='word_1_73' title='bbox 269 1677 383 1758; x_wconf 85' lang='lat' dir='ltr'>XXIV,</span> <span class='ocrx_word' id='word_1_74' title='bbox 406 1679 434 1758; x_wconf 80' lang='lat'><strong>1,</strong></span> <span class='ocrx_word' id='word_1_75' title='bbox 458 1683 494 1745; x_wconf 78' lang='lat'><strong>4:</strong></span> <span class='ocrx_word' id='word_1_76' title='bbox 528 1679 717 1746; x_wconf 87' lang='lat' dir='ltr'><strong>Sarcinas</strong></span> <span class='ocrx_word' id='word_1_77' title='bbox 741 1699 831 1746; x_wconf 90' lang='lat' dir='ltr'><strong>vero</strong></span> <span class='ocrx_word' id='word_1_78' title='bbox 854 1682 894 1746; x_wconf 86' lang='lat' dir='ltr'><strong>et</strong></span> <span class='ocrx_word' id='word_1_79' title='bbox 915 1682 1082 1747; x_wconf 83' lang='lat' dir='ltr'><strong>calones</strong></span> <span class='ocrx_word' id='word_1_80' title='bbox 1105 1727 1145 1744; x_wconf 92' lang='lat'><strong>..</strong></span> 
     </span>
     <span class='ocr_line' id='line_1_14' title="bbox 70 1785 1147 1870; baseline 0.003 -20"><span class='ocrx_word' id='word_1_81' title='bbox 70 1785 543 1869; x_wconf 87' lang='lat' dir='ltr'><strong>impedimentorumque</strong></span> <span class='ocrx_word' id='word_1_82' title='bbox 572 1805 696 1870; x_wconf 82' lang='lat' dir='ltr'><strong>genus</strong></span> <span class='ocrx_word' id='word_1_83' title='bbox 725 1805 836 1853; x_wconf 91' lang='lat' dir='ltr'><strong>omne</strong></span> <span class='ocrx_word' id='word_1_84' title='bbox 858 1787 967 1852; x_wconf 91' lang='lat' dir='ltr'><strong>inter</strong></span> <span class='ocrx_word' id='word_1_85' title='bbox 988 1790 1147 1853; x_wconf 90' lang='lat' dir='ltr'><strong>utrum·</strong></span> 
     </span>
     <span class='ocr_line' id='line_1_15' title="bbox 71 1889 1146 1976; baseline 0.004 -20"><span class='ocrx_word' id='word_1_86' title='bbox 71 1908 151 1976; x_wconf 93' lang='lat' dir='ltr'><strong>que</strong></span> <span class='ocrx_word' id='word_1_87' title='bbox 175 1892 284 1957; x_wconf 88' lang='lat' dir='ltr'><strong>latus</strong></span> <span class='ocrx_word' id='word_1_88' title='bbox 306 1889 499 1959; x_wconf 89' lang='lat' dir='ltr'><strong>institnit</strong></span> <span class='ocrx_word' id='word_1_89' title='bbox 520 1891 829 1976; x_wconf 81' lang='lat' dir='ltr'><strong>procedentium</strong></span> <span class='ocrx_word' id='word_1_90' title='bbox 846 1893 1084 1972; x_wconf 82' lang='lat' dir='ltr'><strong>ordinatim,</strong></span> <span class='ocrx_word' id='word_1_91' title='bbox 1101 1911 1146 1960; x_wconf 91' lang='lat' dir='ltr'><strong>ue</strong></span> 
     </span>
     <span class='ocr_line' id='line_1_16' title="bbox 71 1999 1147 2084; baseline 0.004 -22"><span class='ocrx_word' id='word_1_92' title='bbox 71 2015 153 2082; x_wconf 90' lang='lat' dir='ltr'><strong>qua</strong></span> <span class='ocrx_word' id='word_1_93' title='bbox 184 1999 220 2063; x_wconf 85' lang='lat' dir='ltr'><strong>vi</strong></span> <span class='ocrx_word' id='word_1_94' title='bbox 253 1999 389 2064; x_wconf 90' lang='lat' dir='ltr'><strong>subita</strong></span> <span class='ocrx_word' id='word_1_95' title='bbox 422 2002 664 2084; x_wconf 88' lang='lat' dir='ltr'><strong>raperentur</strong></span> <span class='ocrx_word' id='word_1_96' title='bbox 685 2000 743 2064; x_wconf 89' lang='lat' dir='ltr'><strong>eet.</strong></span> <span class='ocrx_word' id='word_1_97' title='bbox 795 1999 1014 2066; x_wconf 78' lang='lat' dir='ltr'><strong>scribendum:</strong></span> <span class='ocrx_word' id='word_1_98' title='bbox 1038 1999 1147 2066; x_wconf 90' lang='lat' dir='ltr'><strong>inter</strong></span> 
     </span>
     <span class='ocr_line' id='line_1_17' title="bbox 71 2104 1145 2187; baseline 0.003 -17"><span class='ocrx_word' id='word_1_99' title='bbox 71 2106 292 2187; x_wconf 89' lang='lat' dir='ltr'><strong>utrumque</strong></span> <span class='ocrx_word' id='word_1_100' title='bbox 314 2104 425 2170; x_wconf 90' lang='lat' dir='ltr'><strong>latus</strong></span> <span class='ocrx_word' id='word_1_101' title='bbox 448 2104 643 2172; x_wconf 87' lang='lat' dir='ltr'><strong>instituit</strong></span> <span class='ocrx_word' id='word_1_102' title='bbox 664 2104 972 2186; x_wconf 89' lang='lat' dir='ltr'><strong>procedentium</strong></span> <span class='ocrx_word' id='word_1_103' title='bbox 989 2105 1145 2173; x_wconf 78' lang='lat' dir='ltr'><strong>ordinari.</strong></span> 
     </span>
     <span class='ocr_line' id='line_1_18' title="bbox 73 2207 1145 2291; baseline 0.001 -16"><span class='ocrx_word' id='word_1_104' title='bbox 73 2209 220 2276; x_wconf 88' lang='lat' dir='ltr'><strong>Instituit</strong></span> <span class='ocrx_word' id='word_1_105' title='bbox 251 2211 401 2289; x_wconf 78' lang='lat' dir='ltr'><strong>Iulianus,</strong></span> <span class='ocrx_word' id='word_1_106' title='bbox 434 2213 469 2277; x_wconf 89' lang='lat' dir='ltr'><strong>ut</strong></span> <span class='ocrx_word' id='word_1_107' title='bbox 501 2210 628 2277; x_wconf 80' lang='lat' dir='ltr'><strong>sarcina</strong></span> <span class='ocrx_word' id='word_1_108' title='bbox 660 2211 693 2274; x_wconf 91' lang='lat' dir='ltr'><strong>et</strong></span> <span class='ocrx_word' id='word_1_109' title='bbox 723 2207 945 2291; x_wconf 83' lang='lat' dir='ltr'><strong>impedimenta</strong></span> <span class='ocrx_word' id='word_1_110' title='bbox 973 2213 1056 2276; x_wconf 88' lang='lat' dir='ltr'><strong>certo</strong></span> <span class='ocrx_word' id='word_1_111' title='bbox 1078 2211 1145 2277; x_wconf 89' lang='lat' dir='ltr'><strong>loco</strong></span> 
     </span>
     <span class='ocr_line' id='line_1_19' title="bbox 74 2316 798 2402; baseline -0.006 -20"><span class='ocrx_word' id='word_1_112' title='bbox 74 2316 300 2395; x_wconf 80' lang='lat' dir='ltr'><strong>ordinarentur,</strong></span> <span class='ocrx_word' id='word_1_113' title='bbox 323 2338 383 2384; x_wconf 92' lang='lat' dir='ltr'><strong>non</strong></span> <span class='ocrx_word' id='word_1_114' title='bbox 405 2318 630 2402; x_wconf 86' lang='lat' dir='ltr'><strong>impedimenta</strong></span> <span class='ocrx_word' id='word_1_115' title='bbox 652 2316 798 2382; x_wconf 89' lang='lat' dir='ltr'><strong>instituit.</strong></span> 
     </span>
    </p>
   </div>
   <div class='ocr_carea' id='block_1_6' title="bbox 73 2443 1234 2952">
    <p class='ocr_par' dir='ltr' id='par_1_6' title="bbox 73 2443 1234 2952">
     <span class='ocr_line' id='line_1_20' title="bbox 178 2443 1146 2528; baseline 0.003 -20"><span class='ocrx_word' id='word_1_116' title='bbox 178 2443 257 2511; x_wconf 85' lang='lat' dir='ltr'><strong>lbid.</strong></span> <span class='ocrx_word' id='word_1_117' title='bbox 280 2445 310 2521; x_wconf 80' lang='grc'><strong>2,</strong></span> <span class='ocrx_word' id='word_1_118' title='bbox 332 2446 368 2511; x_wconf 82' lang='lat'><strong>4:</strong></span> <span class='ocrx_word' id='word_1_119' title='bbox 401 2445 552 2512; x_wconf 89' lang='lat' dir='ltr'><strong>Surena</strong></span> <span class='ocrx_word' id='word_1_120' title='bbox 586 2447 677 2528; x_wconf 90' lang='lat' dir='ltr'><strong>post</strong></span> <span class='ocrx_word' id='word_1_121' title='bbox 708 2463 841 2528; x_wconf 84' lang='lat' dir='ltr'><strong>regem</strong></span> <span class='ocrx_word' id='word_1_122' title='bbox 869 2445 973 2528; x_wconf 88' lang='lat' dir='ltr'><strong>apud</strong></span> <span class='ocrx_word' id='word_1_123' title='bbox 1000 2446 1146 2511; x_wconf 89' lang='lat' dir='ltr'><strong>Persas</strong></span> 
     </span>
     <span class='ocr_line' id='line_1_21' title="bbox 73 2550 1144 2636; baseline -0.001 -20"><span class='ocrx_word' id='word_1_124' title='bbox 73 2552 306 2634; x_wconf 89' lang='lat' dir='ltr'><strong>promeritae</strong></span> <span class='ocrx_word' id='word_1_125' title='bbox 337 2550 569 2636; x_wconf 85' lang='lat' dir='ltr'><strong>diguitatis.</strong></span> <span class='ocrx_word' id='word_1_126' title='bbox 624 2550 748 2629; x_wconf 77' lang='lat' dir='ltr'><strong>Vereor,</strong></span> <span class='ocrx_word' id='word_1_127' title='bbox 782 2568 820 2615; x_wconf 90' lang='lat' dir='ltr'><strong>ne</strong></span> <span class='ocrx_word' id='word_1_128' title='bbox 853 2550 1003 2633; x_wconf 86' lang='lat' dir='ltr'><strong>seriptum</strong></span> <span class='ocrx_word' id='word_1_129' title='bbox 1035 2551 1144 2616; x_wconf 87' lang='lat' dir='ltr'><strong>fuerit:</strong></span> 
     </span>
     <span class='ocr_line' id='line_1_22' title="bbox 74 2656 1144 2743; baseline 0.001 -20"><span class='ocrx_word' id='word_1_130' title='bbox 74 2660 232 2743; x_wconf 83' lang='lat' dir='ltr'><strong>promotae</strong></span> <span class='ocrx_word' id='word_1_131' title='bbox 265 2657 508 2742; x_wconf 83' lang='lat' dir='ltr'><strong>dignitatis,</strong></span> <span class='ocrx_word' id='word_1_132' title='bbox 541 2656 597 2723; x_wconf 90' lang='lat' dir='ltr'><strong>hoc</strong></span> <span class='ocrx_word' id='word_1_133' title='bbox 630 2657 689 2733; x_wconf 82' lang='lat' dir='ltr'><strong>ast,</strong></span> <span class='ocrx_word' id='word_1_134' title='bbox 719 2658 896 2723; x_wconf 83' lang='lat' dir='ltr'><strong>excellentis</strong></span> <span class='ocrx_word' id='word_1_135' title='bbox 917 2658 950 2722; x_wconf 89' lang='lat' dir='ltr'><strong>et</strong></span> <span class='ocrx_word' id='word_1_136' title='bbox 971 2658 1144 2724; x_wconf 87' lang='lat' dir='ltr'><strong>eminentis.</strong></span> 
     </span>
     <span class='ocr_line' id='line_1_23' title="bbox 75 2761 1234 2848; baseline 0 -20"><span class='ocrx_word' id='word_1_137' title='bbox 75 2763 199 2830; x_wconf 81' lang='lat' dir='ltr'><strong>Merita</strong></span> <span class='ocrx_word' id='word_1_138' title='bbox 233 2763 395 2848; x_wconf 85' lang='lat' dir='ltr'><strong>dignitatis</strong></span> <span class='ocrx_word' id='word_1_139' title='bbox 427 2764 546 2830; x_wconf 91' lang='lat' dir='ltr'><strong>mentio</strong></span> <span class='ocrx_word' id='word_1_140' title='bbox 578 2762 657 2828; x_wconf 92' lang='lat' dir='ltr'><strong>nibil</strong></span> <span class='ocrx_word' id='word_1_141' title='bbox 688 2761 728 2828; x_wconf 85' lang='lat' dir='ltr'><strong>ad</strong></span> <span class='ocrx_word' id='word_1_142' title='bbox 755 2782 820 2828; x_wconf 89' lang='lat' dir='ltr'><strong>rem</strong></span> <span class='ocrx_word' id='word_1_143' title='bbox 843 2764 987 2848; x_wconf 88' lang='lat' dir='ltr'><strong>pertinet.</strong></span> <span class='ocrx_word' id='word_1_144' title='bbox 1042 2762 1146 2828; x_wconf 89' lang='lat' dir='ltr'><strong>Minus</strong></span> <span class='ocrx_word' id='word_1_145' title='bbox 1231 2771 1234 2786; x_wconf 91' lang='grc'><strong>’</strong></span> 
     </span>
     <span class='ocr_line' id='line_1_24' title="bbox 73 2868 523 2952; baseline 0.002 -20"><span class='ocrx_word' id='word_1_146' title='bbox 73 2868 236 2951; x_wconf 90' lang='lat' dir='ltr'><strong>probabile</strong></span> <span class='ocrx_word' id='word_1_147' title='bbox 258 2873 306 2936; x_wconf 90' lang='lat' dir='ltr'><strong>est</strong></span> <span class='ocrx_word' id='word_1_148' title='bbox 326 2871 478 2952; x_wconf 84' lang='lat' dir='ltr'><strong>proxim</strong></span> <span class='ocrx_word' id='word_1_149' title='bbox 488 2889 523 2935; x_wconf 87' lang='lat' dir='ltr'><strong>ae.</strong></span> 
     </span>
    </p>
   </div>
   <div class='ocr_carea' id='block_1_7' title="bbox 73 2997 1147 3501">
    <p class='ocr_par' dir='ltr' id='par_1_7' title="bbox 73 2997 1147 3501">
     <span class='ocr_line' id='line_1_25' title="bbox 180 2997 1146 3082; baseline 0.003 -21"><span class='ocrx_word' id='word_1_150' title='bbox 180 2997 372 3076; x_wconf 67' lang='lat' dir='ltr'><strong>lainam:</strong></span> <span class='ocrx_word' id='word_1_151' title='bbox 393 2997 511 3064; x_wconf 87' lang='lat' dir='ltr'><strong>Nihil</strong></span> <span class='ocrx_word' id='word_1_152' title='bbox 533 3001 636 3066; x_wconf 90' lang='lat' dir='ltr'><strong>enirn</strong></span> <span class='ocrx_word' id='word_1_153' title='bbox 659 3018 842 3082; x_wconf 87' lang='lat' dir='ltr'><strong>asperum</strong></span> <span class='ocrx_word' id='word_1_154' title='bbox 864 3001 924 3064; x_wconf 92' lang='lat' dir='ltr'><strong>ira</strong></span> <span class='ocrx_word' id='word_1_155' title='bbox 947 3001 985 3064; x_wconf 94' lang='lat' dir='ltr'><strong>et</strong></span> <span class='ocrx_word' id='word_1_156' title='bbox 1007 2998 1146 3064; x_wconf 86' lang='lat' dir='ltr'><strong>dolore</strong></span> 
     </span>
     <span class='ocr_line' id='line_1_26' title="bbox 73 3104 1146 3182; baseline 0 -12"><span class='ocrx_word' id='word_1_157' title='bbox 73 3121 270 3170; x_wconf 86' lang='lat' dir='ltr'><strong>succenso</strong></span> <span class='ocrx_word' id='word_1_158' title='bbox 302 3105 434 3172; x_wconf 90' lang='lat' dir='ltr'><strong>militi</strong></span> <span class='ocrx_word' id='word_1_159' title='bbox 465 3105 700 3182; x_wconf 80' lang='lat' dir='ltr'><strong>ridebatur,</strong></span> <span class='ocrx_word' id='word_1_160' title='bbox 735 3104 838 3170; x_wconf 91' lang='lat' dir='ltr'><strong>nihil</strong></span> <span class='ocrx_word' id='word_1_161' title='bbox 870 3104 1146 3171; x_wconf 91' lang='lat' dir='ltr'><strong>munitoribus</strong></span> 
     </span>
     <span class='ocr_line' id='line_1_27' title="bbox 73 3209 1147 3291; baseline 0.001 -17"><span class='ocrx_word' id='word_1_162' title='bbox 73 3212 164 3275; x_wconf 92' lang='lat' dir='ltr'><strong>erat</strong></span> <span class='ocrx_word' id='word_1_163' title='bbox 205 3228 274 3291; x_wconf 86' lang='lat' dir='ltr'><strong>pro</strong></span> <span class='ocrx_word' id='word_1_164' title='bbox 317 3212 451 3277; x_wconf 90' lang='lat' dir='ltr'><strong>salute</strong></span> <span class='ocrx_word' id='word_1_165' title='bbox 488 3210 749 3276; x_wconf 88' lang='lat' dir='ltr'><strong>currentibus</strong></span> <span class='ocrx_word' id='word_1_166' title='bbox 787 3209 1042 3274; x_wconf 90' lang='lat' dir='ltr'><strong>metuendum</strong></span> <span class='ocrx_word' id='word_1_167' title='bbox 1079 3212 1147 3275; x_wconf 88' lang='lat' dir='ltr'><strong>ant</strong></span> 
     </span>
     <span class='ocr_line' id='line_1_28' title="bbox 73 3303 1146 3397; baseline 0.002 -17"><span class='ocrx_word' id='word_1_168' title='bbox 73 3316 215 3382; x_wconf 90' lang='lat' dir='ltr'><strong>dirum.</strong></span> <span class='ocrx_word' id='word_1_169' title='bbox 248 3316 451 3382; x_wconf 74' lang='lat' dir='ltr'><strong>scribendum</strong></span> <span class='ocrx_word' id='word_1_170' title='bbox 462 3314 742 3382; x_wconf 87' lang='lat' dir='ltr'><strong>concurrentibus.</strong></span> <span class='ocrx_word' id='word_1_171' title='bbox 770 3313 839 3380; x_wconf 89' lang='lat' dir='ltr'><strong>Non</strong></span> <span class='ocrx_word' id='word_1_172' title='bbox 851 3303 1014 3381; x_wconf 87' lang='lat' dir='ltr'><strong>currebant</strong></span> <span class='ocrx_word' id='word_1_173' title='bbox 1025 3335 1079 3397; x_wconf 93' lang='lat' dir='ltr'><strong>pro</strong></span> <span class='ocrx_word' id='word_1_174' title='bbox 1094 3335 1146 3382; x_wconf 90' lang='lat' dir='ltr'><strong>sa·</strong></span> 
     </span>
     <span class='ocr_line' id='line_1_29' title="bbox 75 3420 1145 3501; baseline -0.002 -15"><span class='ocrx_word' id='word_1_175' title='bbox 75 3422 144 3487; x_wconf 88' lang='lat' dir='ltr'><strong>luto</strong></span> <span class='ocrx_word' id='word_1_176' title='bbox 157 3421 336 3501; x_wconf 81' lang='lat' dir='ltr'><strong>munitores,</strong></span> <span class='ocrx_word' id='word_1_177' title='bbox 358 3422 414 3487; x_wconf 88' lang='lat' dir='ltr'><strong>sed</strong></span> <span class='ocrx_word' id='word_1_178' title='bbox 431 3421 653 3488; x_wconf 88' lang='lat' dir='ltr'><strong>concurrebant</strong></span> <span class='ocrx_word' id='word_1_179' title='bbox 674 3427 757 3497; x_wconf 90' lang='lat' dir='ltr'><strong>(cum</strong></span> <span class='ocrx_word' id='word_1_180' title='bbox 771 3420 922 3495; x_wconf 89' lang='lat' dir='ltr'><strong>hostibus)</strong></span> <span class='ocrx_word' id='word_1_181' title='bbox 934 3421 1145 3487; x_wconf 88' lang='lat' dir='ltr'><strong>etcertabant.</strong></span> 
     </span>
    </p>
   </div>
   <div class='ocr_carea' id='block_1_8' title="bbox 50 3537 1147 4155">
    <p class='ocr_par' dir='ltr' id='par_1_8' title="bbox 50 3537 1147 4155">
     <span class='ocr_line' id='line_1_30' title="bbox 178 3537 1146 3622; baseline 0.001 -19"><span class='ocrx_word' id='word_1_182' title='bbox 178 3539 399 3618; x_wconf 75' lang='lat' dir='ltr'><strong>laruam:</strong></span> <span class='ocrx_word' id='word_1_183' title='bbox 432 3541 542 3617; x_wconf 88' lang='lat' dir='ltr'><strong>(aciem</strong></span> <span class='ocrx_word' id='word_1_184' title='bbox 579 3538 757 3616; x_wconf 89' lang='lat' dir='ltr'><strong>Persarum)</strong></span> <span class='ocrx_word' id='word_1_185' title='bbox 797 3538 974 3622; x_wconf 82' lang='lat' dir='ltr'><strong>adusque</strong></span> <span class='ocrx_word' id='word_1_186' title='bbox 1013 3537 1146 3604; x_wconf 84' lang='lat' dir='ltr'><strong>Otaci-</strong></span> 
     </span>
     <span class='ocr_line' id='line_1_31' title="bbox 50 3643 1145 3736; baseline 0 -26"><span class='ocrx_word' id='word_1_187' title='bbox 50 3645 243 3734; x_wconf 87' lang='lat' dir='ltr'><strong>phontis</strong></span> <span class='ocrx_word' id='word_1_188' title='bbox 286 3664 419 3736; x_wconf 87' lang='lat' dir='ltr'><strong>muros</strong></span> <span class='ocrx_word' id='word_1_189' title='bbox 454 3646 541 3730; x_wconf 84' lang='lat' dir='ltr'><strong>egit</strong></span> <span class='ocrx_word' id='word_1_190' title='bbox 571 3643 841 3729; x_wconf 83' lang='lat' dir='ltr'><strong>praecipitem,</strong></span> <span class='ocrx_word' id='word_1_191' title='bbox 886 3644 1145 3711; x_wconf 87' lang='lat' dir='ltr'><strong>adversorum</strong></span> 
     </span>
     <span class='ocr_line' id='line_1_32' title="bbox 75 3750 1145 3835; baseline -0.002 -17"><span class='ocrx_word' id='word_1_192' title='bbox 75 3753 232 3819; x_wconf 77' lang='lat' dir='ltr'><strong>feriens</strong></span> <span class='ocrx_word' id='word_1_193' title='bbox 260 3770 375 3818; x_wconf 90' lang='lat' dir='ltr'><strong>suras</strong></span> <span class='ocrx_word' id='word_1_194' title='bbox 405 3752 445 3816; x_wconf 91' lang='lat' dir='ltr'><strong>et</strong></span> <span class='ocrx_word' id='word_1_195' title='bbox 469 3754 594 3835; x_wconf 85' lang='lat' dir='ltr'><strong>terga.</strong></span> <span class='ocrx_word' id='word_1_196' title='bbox 639 3751 725 3816; x_wconf 80' lang='lat' dir='ltr'><strong>Surae</strong></span> <span class='ocrx_word' id='word_1_197' title='bbox 747 3751 779 3814; x_wconf 89' lang='lat' dir='ltr'><strong>et</strong></span> <span class='ocrx_word' id='word_1_198' title='bbox 799 3750 889 3834; x_wconf 82' lang='lat' dir='ltr'><strong>terga</strong></span> <span class='ocrx_word' id='word_1_199' title='bbox 913 3750 1063 3816; x_wconf 85' lang='lat' dir='ltr'><strong>feriuntur</strong></span> <span class='ocrx_word' id='word_1_200' title='bbox 1085 3770 1145 3816; x_wconf 89' lang='lat' dir='ltr'><strong>non</strong></span> 
     </span>
     <span class='ocr_line' id='line_1_33' title="bbox 75 3855 1145 3940; baseline -0.005 -14"><span class='ocrx_word' id='word_1_201' title='bbox 75 3861 356 3938; x_wconf 81' lang='lat' dir='ltr'><strong>adversorum,</strong></span> <span class='ocrx_word' id='word_1_202' title='bbox 378 3858 435 3924; x_wconf 90' lang='lat' dir='ltr'><strong>hoc</strong></span> <span class='ocrx_word' id='word_1_203' title='bbox 456 3859 512 3935; x_wconf 85' lang='lat' dir='ltr'><strong>est,</strong></span> <span class='ocrx_word' id='word_1_204' title='bbox 543 3858 596 3940; x_wconf 87' lang='lat' dir='ltr'><strong>qui</strong></span> <span class='ocrx_word' id='word_1_205' title='bbox 618 3856 738 3920; x_wconf 86' lang='lat' dir='ltr'><strong>adversi</strong></span> <span class='ocrx_word' id='word_1_206' title='bbox 761 3857 848 3920; x_wconf 81' lang='lat' dir='ltr'><strong>stam</strong></span> <span class='ocrx_word' id='word_1_207' title='bbox 868 3858 900 3922; x_wconf 90' lang='lat' dir='ltr'><strong>et</strong></span> <span class='ocrx_word' id='word_1_208' title='bbox 921 3855 1070 3940; x_wconf 89' lang='lat' dir='ltr'><strong>impetum</strong></span> <span class='ocrx_word' id='word_1_209' title='bbox 1094 3875 1145 3921; x_wconf 85' lang='lat' dir='ltr'><strong>ex·</strong></span> 
     </span>
     <span class='ocr_line' id='line_1_34' title="bbox 76 3961 1144 4047; baseline -0.001 -16"><span class='ocrx_word' id='word_1_210' title='bbox 76 3965 195 4047; x_wconf 85' lang='lat' dir='ltr'><strong>cipiunt</strong></span> <span class='ocrx_word' id='word_1_211' title='bbox 215 3972 270 4042; x_wconf 89' lang='lat'><strong>(—</strong></span> <span class='ocrx_word' id='word_1_212' title='bbox 285 3982 356 4030; x_wconf 91' lang='lat' dir='ltr'><strong>nam</strong></span> <span class='ocrx_word' id='word_1_213' title='bbox 379 3963 432 4029; x_wconf 85' lang='lat' dir='ltr'><strong>alii</strong></span> <span class='ocrx_word' id='word_1_214' title='bbox 454 3964 527 4030; x_wconf 89' lang='lat' dir='ltr'><strong>sunt</strong></span> <span class='ocrx_word' id='word_1_215' title='bbox 547 3961 778 4027; x_wconf 87' lang='lat' dir='ltr'><strong>adversarii</strong></span> <span class='ocrx_word' id='word_1_216' title='bbox 793 3968 857 4038; x_wconf 80' lang='grc'><strong>-),</strong></span> <span class='ocrx_word' id='word_1_217' title='bbox 877 3961 932 4027; x_wconf 87' lang='lat' dir='ltr'><strong>sed</strong></span> <span class='ocrx_word' id='word_1_218' title='bbox 946 3979 1144 4044; x_wconf 80' lang='lat' dir='ltr'><strong>aversorum,</strong></span> 
     </span>
     <span class='ocr_line' id='line_1_35' title="bbox 73 4067 1147 4155; baseline -0.002 -17"><span class='ocrx_word' id='word_1_219' title='bbox 73 4074 135 4138; x_wconf 89' lang='lat' dir='ltr'><strong>boc</strong></span> <span class='ocrx_word' id='word_1_220' title='bbox 167 4073 225 4150; x_wconf 74' lang='lat' dir='ltr'><strong>ast,</strong></span> <span class='ocrx_word' id='word_1_221' title='bbox 258 4072 346 4154; x_wconf 86' lang='lat' dir='ltr'><strong>terga</strong></span> <span class='ocrx_word' id='word_1_222' title='bbox 377 4069 634 4154; x_wconf 89' lang='lat' dir='ltr'><strong>persequentibus</strong></span> <span class='ocrx_word' id='word_1_223' title='bbox 657 4067 892 4133; x_wconf 77' lang='lat' dir='ltr'><strong>obcertantium.</strong></span> <span class='ocrx_word' id='word_1_224' title='bbox 946 4068 1033 4134; x_wconf 89' lang='lat' dir='ltr'><strong>Idem</strong></span> <span class='ocrx_word' id='word_1_225' title='bbox 1054 4087 1147 4155; x_wconf 90' lang='lat' dir='ltr'><strong>supra</strong></span> 
     </span>
    </p>
   </div>
   <div class='ocr_carea' id='block_1_9' title="bbox 0 0 1374 4572">
    <p class='ocr_par' dir='ltr' id='par_1_9' title="bbox 0 0 1374 4572">
     <span class='ocr_line' id='line_1_36' title="bbox 0 0 1374 4572; baseline 0 0"><span class='ocrx_word' id='word_1_226' title='bbox 0 0 1374 4572; x_wconf 95' lang='lat' dir='ltr'><strong> </strong></span> 
     </span>
    </p>
   </div>
  </div>
 </body>
</html>
