2740 4572
277 284 333 346 m
562 276 901 357 „mmmm

231 479 434 561 Catoniis,
470 482 509 547 in
545 483 685 548 bonam
721 485 872 566 partem
910 481 1090 564 accipies
1123 481 1181 545 cet.
1241 479 1320 545 Hic
1343 473 1357 516 4³

232 603 352 671 quoque
373 587 477 653 mendi
492 607 584 679 eausa
603 591 678 655 nata-
696 589 744 653 est
765 605 866 652 errore
887 588 966 653 oculi
989 585 1197 652 similitudine
1213 587 1318 651 litte·
1345 612 1367 624 ·⁴

231 711 334 758 rarum
360 693 480 776 decepti
503 697 534 760 et
555 695 717 760 nonnullas
739 693 1021 776 praetermittentis3
1051 694 1095 758 sic
1125 693 1207 757 enim
1236 694 1319 758 sine
1357 691 1367 729 Γ

233 798 326 865 dubio
356 799 505 882 scriptum
526 801 642 867 lueret:
666 837 704 848 --
727 801 767 864 in
788 799 951 883 legione
974 802 1117 882 quarta
1137 795 1319 879 de<cima
1351 826 1367 838 ·-

232 905 390 988 fraudo>
418 908 447 972 G.
477 906 624 984 Antonii,
665 911 701 971 in
741 905 881 972 bonam
919 905 1073 987 partem
1112 903 1317 987 accipies.
1350 907 1367 964 l

233 1011 386 1076 Fraude
409 1012 538 1076 debetur
559 1011 592 1076 (l.
616 1013 649 1075 F.
672 1013 855 1076 Hermanno.

334 1119 411 1184 lbid.
438 1137 484 1200 ep.
509 1121 530 1180 4
552 1117 655 1194 (Bruti
688 1118 726 1182 ad
756 1118 958 1197 Ciceronem),
991 1118 1027 1181 3:
1057 1116 1137 1196 Qua
1169 1115 1208 1179 in
1246 1133 1316 1188 re,

235 1223 390 1302 (licere,
413 1269 545 1288 .....
568 1224 688 1288 nimis
718 1225 883 1290 credere
914 1222 1069 1288 videris
1105 1219 1193 1303 spei
1227 1222 1318 1285 tuae
1361 1229 1367 1287 l

234 1329 474 1413 statimque,
514 1333 556 1396 ut
591 1331 760 1414 quisque
796 1329 954 1414 aliquid
989 1328 1099 1394 recte
1135 1326 1317 1404 lecerit,
1355 1333 1367 1377 's

235 1436 365 1500 omnia
402 1435 495 1501 dare
531 1455 574 1500 ec
616 1435 874 1516 permittere,
911 1436 1026 1519 quasi
1063 1453 1137 1498 non
1173 1433 1318 1498 liceat
1358 1441 1367 1483 -l

234 1541 395 1608 traduci
418 1542 463 1607 ad
487 1542 591 1606 mala
613 1544 788 1608 consilia
810 1543 1044 1624 corruptum
1066 1538 1316 1622 largitioni·
1354 1545 1367 1591 ’ἑ

234 1647 305 1711 bus
328 1646 507 1712 animum.
553 1648 678 1713 Poterat
705 1649 834 1714 fortasse
862 1649 990 1714 liceat
1020 1647 1102 1724 ferri,
1125 1645 1183 1708 nisi
1208 1643 1315 1710 adde·
1356 1659 1367 1721 ·{

235 1753 319 1817 retur
341 1757 570 1836 corruptum
594 1753 910 1839 largitionibus;
938 1770 1018 1816 nnnc
1039 1751 1203 1815 manifesto
1228 1752 1317 1816 scri-
1357 1767 1367 1827 ις

236 1857 368 1921 bendum
385 1859 523 1923 videtur:
536 1862 652 1941 quasi
674 1880 747 1926 non
763 1859 901 1946 liqueat;
919 1858 1108 1943 significatur
1123 1857 1217 1933 enim,
1230 1857 1313 1940 quid
1361 1873 1367 1932 i

231 1963 405 2028 ‘necessario
427 1966 481 2030 fiat
503 1968 604 2030 animo
629 1966 844 2051 largitionibus
867 1966 1018 2048 corrupto.
1363 2025 1367 2038 .

270 2091 274 2094 ·
340 2068 416 2133 lbid.
447 2073 467 2151 ξ
500 2073 535 2135 4:
566 2073 709 2156 ltaque
745 2075 867 2138 timeo
905 2073 949 2137 de
986 2069 1221 2147 consulatu,
1265 2089 1316 2133 ne
1366 2107 1367 2126 r

237 2173 367 2240 Caesar
388 2179 479 2242 tuus
498 2178 625 2244 altius
647 2198 686 2244 se
709 2180 945 2246 ascendisse
976 2177 1094 2259 putet
1122 2175 1315 2240 decretis

237 2282 319 2346 tuis
354 2300 468 2365 quam
496 2285 605 2362 inde,
639 2287 672 2350 si
702 2286 999 2351 consnlfactus
1028 2284 1099 2358 sit,
1132 2279 1316 2346 descen·
1366 2319 1367 2358 3

238 2407 380 2452 surum.
402 2445 404 2448 .
424 2388 583 2468 Quomodo
613 2394 733 2474 poterat
762 2392 863 2457 Caesar
885 2389 1098 2468 (Octavianus)
1128 2389 1237 2468 putare
1264 2405 1311 2464 se,

238 2495 264 2557 si
288 2493 392 2559 consul
412 2495 512 2561 laetus
534 2500 625 2574 esset,
656 2497 883 2573 descensurum,
914 2500 946 2561 et
970 2495 1122 2578 quomodo
1145 2493 1228 2558 hunc
1254 2495 1315 2558 de-

239 2618 380 2665 scensum
412 2619 481 2665 com
515 2603 616 2684 priore
653 2623 784 2668 ascensu
821 2604 1018 2685 comparare?
1058 2599 1138 2664 Nam
1175 2601 1201 2664 si
1236 2600 1315 2681 quis
1366 2635 1367 2673 ;

241 2705 436 2788 interpretari
458 2710 600 2774 conatur:
625 2729 735 2793 ,quam
758 2715 793 2774 ut
815 2711 885 2774 inde
901 2745 941 2756 -
957 2706 1154 2781 descendat‘,
1170 2705 1313 2788 primum
1366 2739 1367 2778 2

240 2809 297 2874 hoe
318 2812 468 2876 sermonis
490 2815 559 2878 usui
582 2834 704 2897 prorsus
726 2820 886 2900 repugnat,
909 2815 1021 2879 deinde
1042 2831 1080 2877 ne
1104 2813 1134 2876 in
1157 2810 1215 2875 illa
1236 2813 1313 2893 qui·
1366 2827 1367 2886 ᾗ

240 2914 311 2981 dem
334 2918 485 2983 sententia
504 2923 589 3004 recte
611 2922 789 3006 adiungitur
820 2920 897 2987 illud
931 2921 963 2985 si
997 2918 1138 2986 consul
1171 2916 1313 2982 faetus
1366 2949 1367 2991 3

340 3202 395 3241 uno
423 3193 451 3242 et
477 3190 566 3246 altero
596 3191 657 3254 loeo
689 3192 747 3247 eius
776 3196 938 3260 argumenta
967 3188 1056 3244 limari
1086 3186 1312 3256 confirmarique.

342 3279 422 3348 Quod
439 3281 468 3337 in
485 3284 654 3341 oradonibus
670 3283 862 3339 aMarklando
879 3281 1032 3350 Wolfioque
1052 3280 1187 3336 damnatis
1205 3277 1314 3334 iactum

278 3368 280 3371 ’
342 3387 403 3428 esse
429 3391 502 3430 nunc
529 3392 621 3434 omnes
649 3378 746 3446 sciunt,
773 3383 804 3432 ut
822 3376 954 3432 orationis
973 3373 1224 3441 sententiarumque
1242 3373 1314 3428 vitia

341 3467 370 3521 iu
388 3467 616 3525 manifestissimis
638 3469 811 3526 librariorum
835 3467 973 3524 erroribus
997 3467 1089 3537 posita
1107 3459 1314 3533 declamatoris,

342 3559 389 3625 qni
407 3575 424 3614 a
443 3560 543 3616 criticis
561 3562 690 3618 mirificus
708 3563 872 3632 fingebatur,
890 3560 971 3616 modo
987 3557 1119 3626 artifieio,
1137 3558 1219 3614 modo
1233 3558 1312 3627 igno·

341 3652 439 3708 rancia
466 3653 678 3725 imputarentur,
711 3655 739 3711 id
765 3656 794 3709 in
819 3655 863 3710 his
890 3668 1000 3723 quoque
1030 3651 1153 3720 epistolis
1184 3666 1312 3720 persaepe

342 3744 442 3800 accidit
473 3761 505 3802 eo
535 3747 630 3817 magis,
659 3747 732 3816 quod
758 3747 788 3802 in
815 3752 938 3804 exnemo
967 3745 1070 3801 codicis
1096 3742 1237 3800 volumine
1265 3742 1313 3798 ad·

342 3838 480 3894 haerentes
501 3842 600 3910 partim
625 3857 642 3896 a
664 3840 779 3895 librariis
804 3839 987 3910 negligentius
1007 3838 1090 3894 etiam
1108 3851 1192 3904 qnam
1210 3840 1312 3891 ceterae

342 3931 451 4000 scriptae
487 3939 565 4001 sunt,
604 3934 703 4003 partim
739 3933 801 4002 ipsa
833 3932 959 3988 codicum
993 3930 1059 3986 folia
1092 3927 1163 3982 mole
1198 3927 1310 3994 habita;

343 4037 437 4078 earum
466 4025 587 4094 quidem,
615 4043 677 4095 quae
702 4016 822 4082 secundo
853 4025 922 4079 libro
954 4021 1171 4088 continebantur,
1203 4025 1311 4075 tantum

342 4130 439 4172 manca
457 4119 558 4177 codicis
576 4124 655 4188 parte
672 4133 743 4173 nnus
763 4117 914 4172 Cratander
932 4133 997 4173 usus
1017 4123 1068 4171 est.
