2728 4582
638 243 699 296 Lib.
718 242 739 296 Ι.
759 242 824 312 Cap.
844 243 889 298 lV.

728 435 887 527 ἠλείφετο

313 549 347 608 ἐκ
370 546 430 630 τῆς
453 547 580 632 Συρίας
602 544 720 632 η’κοντι
743 543 885 635 τοιούτῳ
907 541 1004 634 μύρῳ

313 653 445 734 καρπού
469 647 560 740 σύχν’
583 651 656 722 οἷόν
677 681 758 742 φασι
781 650 845 730 τάς
867 649 1068 738 περιστεράς

311 753 462 845 τρώγειν.

291 920 294 925 -
329 887 362 953 Si
383 887 429 954 sic
450 889 625 972 scripsisset
646 891 849 974 Antiphanes,
880 889 1040 956 columbas
1063 888 1192 954 dixisset
1214 889 1300 956 vesci

220 987 334 1081 μύρῳ,
357 988 469 1080 μύρον
487 997 592 1061 autem
607 997 708 1080 ipsum
726 997 802 1062 rnire
818 994 1005 1078 appellasset
1019 987 1133 1081 μύρον
1149 997 1299 1081 καρποῦ.

222 1101 290 1167 ³Sed
311 1101 493 1184 scripserat:

727 1225 869 1316 τοιούτῳ
892 1224 987 1316 μύρῳ

311 1331 478 1421 καρπόν
501 1330 592 1423 σύχν’
611 1332 683 1404 οἶόν
706 1363 786 1424 φασι
810 1334 872 1412 τάς
893 1331 1096 1421 περιστεράς

310 1436 461 1529 τρώγειν,

226 1571 283 1637 tali
305 1575 470 1656 unguento.
493 1571 616 1655 qualern
638 1573 783 1648 fructum,
805 1573 863 1639 hoc
884 1576 940 1648 est,
965 1572 1120 1655 unguento
1136 1573 1243 1654 parato
1259 1591 1298 1638 ex
1359 1549 1362 1606 ‘¹

220 1696 261 1743 cc
282 1679 394 1752 fructu,
417 1697 509 1762 quam
530 1678 680 1744 culumbae
702 1680 876 1745 comedunt.

325 1853 360 1917 P.
377 1853 437 1915 268
454 1853 473 1918 d
489 1855 520 1918 et
535 1873 567 1919 e:
590 1853 651 1938 ἐγω
670 1847 699 1920 ‹l'
715 1848 832 1939 ἐπειδή
850 1852 961 1939 ὥσπερ
979 1847 1177 1937 λαμπάδιον
1193 1877 1299 1918 κατα·
1361 1853 1362 1860 '

219 1958 402 2034 σείσαντος
423 1960 483 2026 τού
507 1955 798 2045 θαυμασιωτάτου
824 1961 1001 2045 Κρατίνου
1023 1953 1065 2026 τά
1083 1959 1297 2044 προκείμενα

219 2070 291 2152 ’ἔπη
314 2067 368 2132 καί
391 2061 464 2131 ὅσοι
485 2059 561 2151 μετ’
584 2060 692 2133 αύτόν
719 2061 900 2153 γενόμενοι
929 2060 1166 2152 μιμησάμενοι
1199 2071 1300 2142 ἐπεξ-
1355 2090 1360 2167 ι’

220 2167 437 2258 ειργοίσαντο,
481 2169 674 2263 ἐχρησάμην
716 2174 758 2263 τῇ
795 2169 886 2251 τάξει
923 2177 992 2239 τών
1029 2167 1213 2257 δραμάτων
1251 2167 1300 2247 οἷς
1358 2239 1361 2270 χ

135 2283 137 2290 “
225 2271 399 2367 ἐδιδάχθη.
454 2279 654 2346 Manifestum
688 2282 736 2346 est
767 2281 937 2346 oraticnem
968 2300 1027 2346 non
1055 2278 1206 2346 cohaerere
1236 2297 1297 2344 nec
1359 2367 1360 2372 χ

218 2385 431 2452 coniunctioni
454 2383 573 2473 ἐπειδή
597 2388 706 2455 subiici
723 2388 864 2464 verbum,
887 2389 1029 2471 quoniam
1051 2386 1116 2451 haec
1138 2386 1193 2450 uel
1217 2380 1294 2450 ὅσοι
1359 2399 1360 2409 ’

224 2541 232 2557 .
256 2541 263 2557 .
288 2540 296 2556 .
320 2487 600 2580 ἐπεξειργάσαντο
623 2495 793 2560 necessario
815 2495 855 2558 ad
877 2494 955 2560 illud
973 2492 1265 2564 κατασείσαντος.
1287 2541 1293 2554 .

151 2621 153 2626 ·
223 2600 400 2684 Κρατίνου
432 2599 642 2684 adiunguntur
674 2608 777 2678 („cum
799 2598 943 2666 Cratinus
965 2604 996 2666 ct
1018 2600 1164 2684 quicum
1192 2599 1296 2665 secuti

220 2706 295 2769 suut
317 2705 546 2784 effudissent“);
568 2710 717 2786 praeterea
738 2706 858 2784 vitiose,
881 2707 962 2789 qued
985 2707 1109 2771 Cratino
1133 2705 1294 2788 proprium

224 2815 298 2889 erat,
322 2829 391 2875 cum
413 2812 523 2876 ceteris
545 2811 797 2877 communicatur.
841 2810 938 2878 Recta
959 2813 1054 2878 oratic
1078 2813 1110 2877 et
1135 2810 1295 2876 sententia

216 2916 282 2983 urii
314 2915 358 2982 sic
390 2918 594 2984 conformatae
629 2911 691 3004 ἐγά
722 2911 763 2991 δ’,
794 2911 926 3003 ἐπειδή,
956 2914 1068 3003 ὥσπερ
1092 2911 1294 3003 λαμπάδιον
1358 2941 1359 2945 ’

223 3024 484 3098 κατασείσαντος
504 3024 566 3090 τοῦ
588 3019 881 3108 θαυμασιωτάτου
899 3026 1075 3110 Κρατίνου
1090 3019 1131 3091 τά
1150 3024 1295 3109 προκεί-

220 3156 308 3217 μενα
326 3137 404 3216 ἔπη,
428 3135 562 3205 καλῶς
584 3135 624 3197 οἱ
641 3124 717 3215 μετ’
731 3125 839 3197 adada
853 3125 1035 3217 γενόμενοι
1050 3125 1292 3220 μιμησάμενοι
1360 3193 1361 3200 ,

217 3233 516 3324 ἐπεξειργάσαντο,
540 3232 732 3325 ἐχρησάμην
756 3264 783 3304 κ.
807 3265 835 3304 τ.
859 3240 886 3303 λ.

1355 3327 1360 3400 ι

321 3379 356 3443 Ρ.
373 3379 432 3441 277
448 3380 519 3457 f(in
540 3382 714 3465 fragmento
729 3400 765 3446 ex
778 3379 955 3462 Epicharmi
977 3380 1082 3445 fabula
1098 3378 1291 3454 Sirenibus):
1359 3473 1360 3480 χ

821 3515 913 3596 οἴμοι
938 3535 998 3595 μοι
1023 3503 1136 3582 τάλας.

215 3618 298 3701 περὶ
321 3608 414 3700 σάμά
437 3641 483 3700 με
506 3615 653 3682 καλοῦσα
682 3617 820 3683 κατίσιια
845 3618 948 3703 λέγοι,
980 3640 1047 3702 ῳου
1075 3615 1143 3681 τῶν
1166 3615 1289 3680 κακῶν.

321 3743 373 3810 Sic
387 3746 453 3811 cod.
468 3744 708 3822 Laurentianus;
729 3763 802 3810 nam
816 3746 888 3810 ante
903 3746 1050 3813 edebatur
1065 3747 1164 3833 λε’γει.
1190 3744 1290 3810 Recte

219 3849 394 3916 Mainalius
414 3849 481 3917 hac
500 3853 594 3919 verba
615 3871 634 3917 a
655 3851 872 3933 superioribus,
901 3852 933 3916 in
962 3852 1073 3936 quibus
1101 3850 1288 3917 describitur

220 3955 383 4041 magnifica
404 3973 477 4024 cena
500 3975 535 4021 ex
556 3956 692 4040 piscibus
713 3955 963 4040 animalculisque
978 3958 1115 4033 marinis,
1131 3958 1289 4040 separavit

215 4061 370 4147 alterique
402 4080 539 4145 perscnae
571 4061 659 4128 dedit
687 4063 787 4129 nescio
816 4082 876 4145 qua
902 4062 942 4128 de
964 4083 1056 4130 causa
1077 4065 1287 4147 conquerenti,
