<?xml version="1.0" encoding="UTF-8"?>
<!DOCTYPE html PUBLIC "-//W3C//DTD XHTML 1.0 Transitional//EN"
    "http://www.w3.org/TR/xhtml1/DTD/xhtml1-transitional.dtd">
<html xmlns="http://www.w3.org/1999/xhtml" xml:lang="en" lang="en">
 <head>
  <title>
</title>
<meta http-equiv="Content-Type" content="text/html;charset=utf-8" />
  <meta name='ocr-system' content='tesseract 3.04.00' />
  <meta name='ocr-capabilities' content='ocr_page ocr_carea ocr_par ocr_line ocrx_word'/>
</head>
<body>
  <div class='ocr_page' id='page_1' title='image "./adversariacriti01madvgoog_0091.png"; bbox 0 0 2728 4582; ppageno 0'>
   <div class='ocr_carea' id='block_1_1' title="bbox 183 249 1317 568">
    <p class='ocr_par' dir='ltr' id='par_1_1' title="bbox 183 249 1348 572">
     <span class='ocr_line' id='line_1_1' title="bbox 294 249 902 353; baseline -0.012 -11"><span class='ocrx_word' id='word_1_1' title='bbox 294 249 334 342; x_wconf 79' lang='lat'><strong><em>80</em></strong></span> <span class='ocrx_word' id='word_1_2' title='bbox 664 285 725 340; x_wconf 80' lang='lat' dir='ltr'><strong><em>na.</em></strong></span> <span class='ocrx_word' id='word_1_3' title='bbox 744 284 766 338; x_wconf 93' lang='lat'><strong><em>1.</em></strong></span> <span class='ocrx_word' id='word_1_4' title='bbox 787 284 852 353; x_wconf 73' lang='lat' dir='ltr'><strong>cap.</strong></span> <span class='ocrx_word' id='word_1_5' title='bbox 872 281 902 334; x_wconf 91' lang='lat' dir='ltr'><strong><em>v.</em></strong></span> 
     </span>
     <span class='ocr_line' id='line_1_2' title="bbox 183 473 1317 568; baseline -0.007 -26"><span class='ocrx_word' id='word_1_6' title='bbox 183 527 185 532; x_wconf 67' lang='lat'>,</span> <span class='ocrx_word' id='word_1_7' title='bbox 253 476 456 542; x_wconf 69' lang='lat' dir='ltr'><strong>scribendum</strong></span> <span class='ocrx_word' id='word_1_8' title='bbox 479 485 515 544; x_wconf 81' lang='grc' dir='ltr'><strong><em>ἐν</em></strong></span> <span class='ocrx_word' id='word_1_9' title='bbox 538 486 644 568; x_wconf 79' lang='grc' dir='ltr'><strong><em>σκέιιῃ</em></strong></span> <span class='ocrx_word' id='word_1_10' title='bbox 668 483 866 568; x_wconf 76' lang='grc' dir='ltr'><strong><em>φοβεροῦ,</em></strong></span> <span class='ocrx_word' id='word_1_11' title='bbox 905 479 1035 543; x_wconf 78' lang='lat' dir='ltr'>Causam</span> <span class='ocrx_word' id='word_1_12' title='bbox 1050 475 1127 540; x_wconf 90' lang='lat' dir='ltr'><strong>nihil</strong></span> <span class='ocrx_word' id='word_1_13' title='bbox 1141 475 1235 538; x_wconf 87' lang='lat' dir='ltr'><strong>etiam</strong></span> <span class='ocrx_word' id='word_1_14' title='bbox 1251 473 1317 536; x_wconf 90' lang='lat' dir='ltr'><strong><em>tum</em></strong></span> 
     </span>
    </p>
   </div>
   <div class='ocr_carea' id='block_1_2' title="bbox 252 583 1348 812">
    <p class='ocr_par' dir='ltr' id='par_1_2' title="bbox 252 583 1348 812">
     <span class='ocr_line' id='line_1_3' title="bbox 252 583 1348 672; baseline 0.004 -24"><span class='ocrx_word' id='word_1_15' title='bbox 252 583 384 649; x_wconf 84' lang='lat' dir='ltr'><strong>timendi</strong></span> <span class='ocrx_word' id='word_1_16' title='bbox 406 585 571 666; x_wconf 73' lang='lat' dir='ltr'><strong>continent,</strong></span> <span class='ocrx_word' id='word_1_17' title='bbox 594 608 662 672; x_wconf 86' lang='lat' dir='ltr'><strong>quae</strong></span> <span class='ocrx_word' id='word_1_18' title='bbox 685 591 863 672; x_wconf 85' lang='lat' dir='ltr'><strong>sequuntur.</strong></span> <span class='ocrx_word' id='word_1_19' title='bbox 1347 585 1348 640; x_wconf 83' lang='lat' dir='ltr'><strong>i</strong></span> 
     </span>
     <span class='ocr_line' id='line_1_4' title="bbox 354 713 1317 812; baseline -0.006 -22"><span class='ocrx_word' id='word_1_20' title='bbox 354 724 386 790; x_wconf 83' lang='lat' dir='ltr'><strong><em>C.</em></strong></span> <span class='ocrx_word' id='word_1_21' title='bbox 410 727 461 805; x_wconf 78' lang='lat'><strong><em>40,</em></strong></span> <span class='ocrx_word' id='word_1_22' title='bbox 484 728 523 789; x_wconf 77' lang='lat'><strong><em>24</em></strong></span> <span class='ocrx_word' id='word_1_23' title='bbox 546 749 575 811; x_wconf 87' lang='lat' dir='ltr'><strong><em>p.</em></strong></span> <span class='ocrx_word' id='word_1_24' title='bbox 598 731 647 806; x_wconf 78' lang='lat'><strong><em>41,</em></strong></span> <span class='ocrx_word' id='word_1_25' title='bbox 667 729 781 794; x_wconf 72' lang='lat' dir='ltr'><strong>Vatia:</strong></span> <span class='ocrx_word' id='word_1_26' title='bbox 804 725 856 792; x_wconf 84' lang='grc' dir='ltr'><strong><em>ὅτι</em></strong></span> <span class='ocrx_word' id='word_1_27' title='bbox 874 727 999 812; x_wconf 75' lang='grc' dir='ltr'><strong><em>θηρίον</em></strong></span> <span class='ocrx_word' id='word_1_28' title='bbox 1015 717 1114 790; x_wconf 73' lang='grc' dir='ltr'><strong><em>οὐδὲν</em></strong></span> <span class='ocrx_word' id='word_1_29' title='bbox 1130 713 1317 802; x_wconf 78' lang='grc' dir='ltr'><strong><em>άνθράνιον</em></strong></span> 
     </span>
    </p>
   </div>
   <div class='ocr_carea' id='block_1_3' title="bbox 253 819 1348 1342">
    <p class='ocr_par' dir='ltr' id='par_1_3' title="bbox 253 819 1348 1342">
     <span class='ocr_line' id='line_1_5' title="bbox 255 819 1348 918; baseline -0.004 -22"><span class='ocrx_word' id='word_1_30' title='bbox 255 825 408 917; x_wconf 75' lang='grc' dir='ltr'><strong><em>κρεῖττόν</em></strong></span> <span class='ocrx_word' id='word_1_31' title='bbox 441 839 544 908; x_wconf 80' lang='grc' dir='ltr'><strong><em>ἐστιν,</em></strong></span> <span class='ocrx_word' id='word_1_32' title='bbox 578 828 663 900; x_wconf 86' lang='grc' dir='ltr'><strong><em>άλλά</em></strong></span> <span class='ocrx_word' id='word_1_33' title='bbox 699 829 812 901; x_wconf 81' lang='grc' dir='ltr'><strong><em>πάντα</em></strong></span> <span class='ocrx_word' id='word_1_34' title='bbox 837 831 878 918; x_wconf 74' lang='grc' dir='ltr'><strong><em>δή</em></strong></span> <span class='ocrx_word' id='word_1_35' title='bbox 901 826 1039 904; x_wconf 78' lang='grc' dir='ltr'><strong><em>πάντας</em></strong></span> <span class='ocrx_word' id='word_1_36' title='bbox 1060 821 1116 916; x_wconf 75' lang='grc' dir='ltr'><strong><em>ἦν,</em></strong></span> <span class='ocrx_word' id='word_1_37' title='bbox 1140 831 1171 894; x_wconf 76' lang='grc' dir='ltr'><strong><em>εἰ</em></strong></span> <span class='ocrx_word' id='word_1_38' title='bbox 1194 828 1247 892; x_wconf 80' lang='grc' dir='ltr'><strong><em>καὶ</em></strong></span> <span class='ocrx_word' id='word_1_39' title='bbox 1271 819 1316 914; x_wconf 66' lang='grc' dir='ltr'><em>μή</em></span> <span class='ocrx_word' id='word_1_40' title='bbox 1347 863 1348 900; x_wconf 73' lang='grc' dir='ltr'><strong><em>ι</em></strong></span> 
     </span>
     <span class='ocr_line' id='line_1_6' title="bbox 254 930 1316 1028; baseline -0.008 -24"><span class='ocrx_word' id='word_1_41' title='bbox 254 931 326 1004; x_wconf 76' lang='grc' dir='ltr'><strong><em>κατ’</em></strong></span> <span class='ocrx_word' id='word_1_42' title='bbox 341 934 448 1025; x_wconf 76' lang='grc' dir='ltr'><strong><em>ἶσχόν,</em></strong></span> <span class='ocrx_word' id='word_1_43' title='bbox 464 954 539 1014; x_wconf 79' lang='grc' dir='ltr'><strong><em>ταῖς</em></strong></span> <span class='ocrx_word' id='word_1_44' title='bbox 554 944 638 1028; x_wconf 75' lang='grc' dir='ltr'><strong><em>γοῦν</em></strong></span> <span class='ocrx_word' id='word_1_45' title='bbox 654 942 788 1028; x_wconf 66' lang='lat' dir='ltr'><strong><em>nuspiam</em></strong></span> <span class='ocrx_word' id='word_1_46' title='bbox 804 945 898 1024; x_wconf 79' lang='grc' dir='ltr'><strong><em>σφῶν</em></strong></span> <span class='ocrx_word' id='word_1_47' title='bbox 914 939 1121 1006; x_wconf 78' lang='grc' dir='ltr'><strong><em>ἐλαττούντα</em></strong></span> <span class='ocrx_word' id='word_1_48' title='bbox 1138 930 1316 1018; x_wconf 78' lang='grc' dir='ltr'><strong><em>ἐθάρσονν.</em></strong></span> 
     </span>
     <span class='ocr_line' id='line_1_7' title="bbox 253 1032 1316 1120; baseline -0.007 -11"><span class='ocrx_word' id='word_1_49' title='bbox 253 1043 359 1110; x_wconf 84' lang='lat' dir='ltr'><strong>Minus</strong></span> <span class='ocrx_word' id='word_1_50' title='bbox 380 1047 463 1120; x_wconf 83' lang='lat' dir='ltr'><strong>reete</strong></span> <span class='ocrx_word' id='word_1_51' title='bbox 486 1047 642 1113; x_wconf 88' lang='lat' dir='ltr'><strong>Bekkerus</strong></span> <span class='ocrx_word' id='word_1_52' title='bbox 665 1051 804 1114; x_wconf 82' lang='lat' dir='ltr'><strong>correxit.</strong></span> <span class='ocrx_word' id='word_1_53' title='bbox 854 1045 1072 1114; x_wconf 73' lang='lat' dir='ltr'><strong>scribendum:</strong></span> <span class='ocrx_word' id='word_1_54' title='bbox 1097 1036 1182 1108; x_wconf 82' lang='grc' dir='ltr'><strong><em>α’λλά</em></strong></span> <span class='ocrx_word' id='word_1_55' title='bbox 1207 1032 1316 1108; x_wconf 82' lang='grc' dir='ltr'><strong><em>πάντα</em></strong></span> 
     </span>
     <span class='ocr_line' id='line_1_8' title="bbox 254 1145 1319 1241; baseline -0.007 -25"><span class='ocrx_word' id='word_1_56' title='bbox 254 1147 296 1236; x_wconf 71' lang='grc' dir='ltr'><strong><em>(λη’</em></strong></span> <span class='ocrx_word' id='word_1_57' title='bbox 329 1145 478 1228; x_wconf 83' lang='grc' dir='ltr'><strong><em>πάντας,</em></strong></span> <span class='ocrx_word' id='word_1_58' title='bbox 511 1157 543 1218; x_wconf 78' lang='grc' dir='ltr'><strong><em>σι’</em></strong></span> <span class='ocrx_word' id='word_1_59' title='bbox 574 1155 628 1220; x_wconf 78' lang='grc' dir='ltr'><strong><em>καλ</em></strong></span> <span class='ocrx_word' id='word_1_60' title='bbox 662 1151 713 1241; x_wconf 78' lang='grc' dir='ltr'><strong><em>μή</em></strong></span> <span class='ocrx_word' id='word_1_61' title='bbox 745 1147 817 1221; x_wconf 84' lang='grc' dir='ltr'><strong><em>κατ’</em></strong></span> <span class='ocrx_word' id='word_1_62' title='bbox 846 1147 955 1240; x_wconf 82' lang='grc' dir='ltr'><strong><em>ἶσχόν,</em></strong></span> <span class='ocrx_word' id='word_1_63' title='bbox 977 1165 1053 1227; x_wconf 80' lang='grc' dir='ltr'><strong><em>ταῖς</em></strong></span> <span class='ocrx_word' id='word_1_64' title='bbox 1080 1150 1166 1237; x_wconf 81' lang='grc' dir='ltr'><strong><em>γοάν</em></strong></span> <span class='ocrx_word' id='word_1_65' title='bbox 1189 1146 1319 1231; x_wconf 79' lang='grc' dir='ltr'><strong><em>σοφίαις</em></strong></span> 
     </span>
     <span class='ocr_line' id='line_1_9' title="bbox 255 1255 1280 1342; baseline -0.007 -17"><span class='ocrx_word' id='word_1_66' title='bbox 255 1257 348 1342; x_wconf 78' lang='grc' dir='ltr'><strong><em>σφῶν</em></strong></span> <span class='ocrx_word' id='word_1_67' title='bbox 374 1260 637 1327; x_wconf 75' lang='grc' dir='ltr'><strong><em>ἐλαττοῦται.</em></strong></span> <span class='ocrx_word' id='word_1_68' title='bbox 675 1263 754 1342; x_wconf 88' lang='lat' dir='ltr'><strong>[lam</strong></span> <span class='ocrx_word' id='word_1_69' title='bbox 778 1262 812 1326; x_wconf 82' lang='lat' dir='ltr'><strong><em>L.</em></strong></span> <span class='ocrx_word' id='word_1_70' title='bbox 835 1259 1011 1326; x_wconf 82' lang='lat' dir='ltr'><strong>Dindorfiua</strong></span> <span class='ocrx_word' id='word_1_71' title='bbox 1033 1255 1280 1330; x_wconf 62' lang='lat' dir='ltr'><strong><em>einamma]</em></strong></span> 
     </span>
    </p>
   </div>
   <div class='ocr_carea' id='block_1_4' title="bbox 196 1395 1348 2233">
    <p class='ocr_par' dir='ltr' id='par_1_4' title="bbox 196 1395 1348 2233">
     <span class='ocr_line' id='line_1_10' title="bbox 196 1395 1348 1488; baseline -0.002 -22"><span class='ocrx_word' id='word_1_72' title='bbox 196 1423 197 1426; x_wconf 73' lang='grc'>’</span> <span class='ocrx_word' id='word_1_73' title='bbox 306 1431 309 1438; x_wconf 96' lang='grc'><strong><em>·</em></strong></span> <span class='ocrx_word' id='word_1_74' title='bbox 357 1399 390 1467; x_wconf 82' lang='lat' dir='ltr'><strong><em>O.</em></strong></span> <span class='ocrx_word' id='word_1_75' title='bbox 414 1401 464 1479; x_wconf 83' lang='lat'><strong><em>50,</em></strong></span> <span class='ocrx_word' id='word_1_76' title='bbox 487 1401 506 1464; x_wconf 91' lang='lat'><strong>3</strong></span> <span class='ocrx_word' id='word_1_77' title='bbox 527 1421 557 1484; x_wconf 88' lang='lat' dir='ltr'><strong><em>p.</em></strong></span> <span class='ocrx_word' id='word_1_78' title='bbox 581 1403 630 1480; x_wconf 80' lang='lat'><strong><em>53,</em></strong></span> <span class='ocrx_word' id='word_1_79' title='bbox 654 1395 753 1470; x_wconf 64' lang='lat' dir='ltr'><strong>Vatia]</strong></span> <span class='ocrx_word' id='word_1_80' title='bbox 776 1403 829 1488; x_wconf 83' lang='lat' dir='ltr'><strong><em>(de</em></strong></span> <span class='ocrx_word' id='word_1_81' title='bbox 851 1400 984 1484; x_wconf 83' lang='lat' dir='ltr'><strong>Gallis):</strong></span> <span class='ocrx_word' id='word_1_82' title='bbox 1018 1395 1097 1465; x_wconf 77' lang='grc' dir='ltr'><strong><em>οὔτε</em></strong></span> <span class='ocrx_word' id='word_1_83' title='bbox 1130 1423 1161 1462; x_wconf 87' lang='grc' dir='ltr'><strong><em>τι</em></strong></span> <span class='ocrx_word' id='word_1_84' title='bbox 1192 1396 1319 1478; x_wconf 73' lang='grc' dir='ltr'><strong><em>διαρκὲς</em></strong></span> <span class='ocrx_word' id='word_1_85' title='bbox 1347 1447 1348 1488; x_wconf 69' lang='lat'>3</span> 
     </span>
     <span class='ocr_line' id='line_1_11' title="bbox 256 1491 1318 1594; baseline -0.006 -23"><span class='ocrx_word' id='word_1_86' title='bbox 256 1511 292 1572; x_wconf 79' lang='grc' dir='ltr'><strong><em>ἐν</em></strong></span> <span class='ocrx_word' id='word_1_87' title='bbox 314 1499 431 1581; x_wconf 71' lang='grc' dir='ltr'><strong><em>αὑτοῖς</em></strong></span> <span class='ocrx_word' id='word_1_88' title='bbox 453 1514 586 1594; x_wconf 81' lang='grc' dir='ltr'><strong><em>ἕχονσιν</em></strong></span> <span class='ocrx_word' id='word_1_89' title='bbox 609 1557 616 1574; x_wconf 92' lang='grc'><strong>.</strong></span> <span class='ocrx_word' id='word_1_90' title='bbox 641 1559 647 1576; x_wconf 88' lang='grc'><strong>.</strong></span> <span class='ocrx_word' id='word_1_91' title='bbox 673 1559 679 1572; x_wconf 96' lang='grc'><strong><em>.</em></strong></span> <span class='ocrx_word' id='word_1_92' title='bbox 705 1557 726 1585; x_wconf 95' lang='grc'><strong><em>.,</em></strong></span> <span class='ocrx_word' id='word_1_93' title='bbox 750 1503 813 1574; x_wconf 79' lang='grc' dir='ltr'><strong><em>κάν</em></strong></span> <span class='ocrx_word' id='word_1_94' title='bbox 848 1504 941 1584; x_wconf 82' lang='grc' dir='ltr'><strong><em>άπαξ</em></strong></span> <span class='ocrx_word' id='word_1_95' title='bbox 973 1501 1221 1578; x_wconf 76' lang='grc' dir='ltr'><strong><em>άλλοιωθώσιν,</em></strong></span> <span class='ocrx_word' id='word_1_96' title='bbox 1251 1491 1318 1567; x_wconf 80' lang='grc' dir='ltr'><strong><em>οὔτ’</em></strong></span> 
     </span>
     <span class='ocr_line' id='line_1_12' title="bbox 255 1604 1318 1698; baseline -0.004 -20"><span class='ocrx_word' id='word_1_97' title='bbox 255 1607 447 1698; x_wconf 77' lang='grc' dir='ltr'><strong><em>άναλαβιῑν</em></strong></span> <span class='ocrx_word' id='word_1_98' title='bbox 467 1611 609 1690; x_wconf 81' lang='grc' dir='ltr'><strong><em>ἑαντοάς</em></strong></span> <span class='ocrx_word' id='word_1_99' title='bbox 631 1604 740 1690; x_wconf 82' lang='grc' dir='ltr'><strong><em>άλλως</em></strong></span> <span class='ocrx_word' id='word_1_100' title='bbox 761 1642 798 1682; x_wconf 78' lang='grc' dir='ltr'><strong><em>τε</em></strong></span> <span class='ocrx_word' id='word_1_101' title='bbox 822 1618 875 1683; x_wconf 80' lang='grc' dir='ltr'><strong><em>καὶ</em></strong></span> <span class='ocrx_word' id='word_1_102' title='bbox 900 1616 996 1689; x_wconf 72' lang='grc' dir='ltr'><strong><em>δέους</em></strong></span> <span class='ocrx_word' id='word_1_103' title='bbox 1017 1607 1113 1685; x_wconf 78' lang='grc' dir='ltr'><strong><em>τινός</em></strong></span> <span class='ocrx_word' id='word_1_104' title='bbox 1134 1633 1318 1697; x_wconf 79' lang='grc' dir='ltr'><strong><em>προσγινο·</em></strong></span> 
     </span>
     <span class='ocr_line' id='line_1_13' title="bbox 255 1714 1319 1802; baseline -0.008 -18"><span class='ocrx_word' id='word_1_105' title='bbox 255 1725 362 1802; x_wconf 73' lang='grc' dir='ltr'><strong><em>,ιιὲνσο</em></strong></span> <span class='ocrx_word' id='word_1_106' title='bbox 395 1717 571 1798; x_wconf 79' lang='grc' dir='ltr'><strong><em>ιλάνανται,</em></strong></span> <span class='ocrx_word' id='word_1_107' title='bbox 603 1725 657 1789; x_wconf 75' lang='grc' dir='ltr'><strong><em>καὶ</em></strong></span> <span class='ocrx_word' id='word_1_108' title='bbox 692 1729 726 1795; x_wconf 73' lang='grc' dir='ltr'><strong><em>ἐς</em></strong></span> <span class='ocrx_word' id='word_1_109' title='bbox 758 1719 950 1789; x_wconf 78' lang='grc' dir='ltr'><strong><em>άντίνιαλον</em></strong></span> <span class='ocrx_word' id='word_1_110' title='bbox 983 1746 1012 1786; x_wconf 84' lang='lat' dir='ltr'><strong><em>u.</em></strong></span> <span class='ocrx_word' id='word_1_111' title='bbox 1036 1746 1066 1786; x_wconf 84' lang='grc' dir='ltr'><strong><em>τ.</em></strong></span> <span class='ocrx_word' id='word_1_112' title='bbox 1088 1720 1119 1785; x_wconf 81' lang='grc' dir='ltr'><strong><em>λ.</em></strong></span> <span class='ocrx_word' id='word_1_113' title='bbox 1166 1715 1253 1784; x_wconf 83' lang='lat' dir='ltr'><strong>Nihil</strong></span> <span class='ocrx_word' id='word_1_114' title='bbox 1274 1714 1319 1778; x_wconf 85' lang='lat' dir='ltr'><strong><em>hic</em></strong></span> 
     </span>
     <span class='ocr_line' id='line_1_14' title="bbox 258 1823 1319 1915; baseline -0.007 -26"><span class='ocrx_word' id='word_1_115' title='bbox 258 1826 316 1892; x_wconf 88' lang='lat' dir='ltr'><strong>leei</strong></span> <span class='ocrx_word' id='word_1_116' title='bbox 338 1827 432 1894; x_wconf 88' lang='lat' dir='ltr'><strong>habet</strong></span> <span class='ocrx_word' id='word_1_117' title='bbox 454 1831 664 1896; x_wconf 84' lang='lat' dir='ltr'><strong>commutandi</strong></span> <span class='ocrx_word' id='word_1_118' title='bbox 687 1829 870 1913; x_wconf 77' lang='lat' dir='ltr'><strong>significatio</strong></span> <span class='ocrx_word' id='word_1_119' title='bbox 886 1823 1087 1915; x_wconf 79' lang='grc' dir='ltr'><strong><em>(άλλοιούν),</em></strong></span> <span class='ocrx_word' id='word_1_120' title='bbox 1104 1825 1158 1891; x_wconf 88' lang='lat' dir='ltr'><strong><em>sed</em></strong></span> <span class='ocrx_word' id='word_1_121' title='bbox 1173 1823 1319 1906; x_wconf 82' lang='lat' dir='ltr'><strong>negantur</strong></span> 
     </span>
     <span class='ocr_line' id='line_1_15' title="bbox 259 1923 1318 2016; baseline -0.009 -20"><span class='ocrx_word' id='word_1_122' title='bbox 259 1931 339 1997; x_wconf 81' lang='lat' dir='ltr'><strong>Galli</strong></span> <span class='ocrx_word' id='word_1_123' title='bbox 370 1953 460 2016; x_wconf 86' lang='lat' dir='ltr'><strong>posse</strong></span> <span class='ocrx_word' id='word_1_124' title='bbox 492 1955 525 2002; x_wconf 87' lang='lat' dir='ltr'><strong><em>se</em></strong></span> <span class='ocrx_word' id='word_1_125' title='bbox 557 1937 737 2004; x_wconf 78' lang='lat' dir='ltr'><strong>confirmare</strong></span> <span class='ocrx_word' id='word_1_126' title='bbox 770 1940 801 2001; x_wconf 88' lang='lat' dir='ltr'><strong><em>et</em></strong></span> <span class='ocrx_word' id='word_1_127' title='bbox 830 1936 949 2001; x_wconf 88' lang='lat' dir='ltr'><strong>animos</strong></span> <span class='ocrx_word' id='word_1_128' title='bbox 972 1923 1117 2016; x_wconf 74' lang='lat' dir='ltr'><strong>&#39;recipere</strong></span> <span class='ocrx_word' id='word_1_129' title='bbox 1140 1931 1167 1996; x_wconf 87' lang='lat' dir='ltr'><strong><em>si</em></strong></span> <span class='ocrx_word' id='word_1_130' title='bbox 1189 1925 1263 2012; x_wconf 87' lang='lat' dir='ltr'><strong>quid</strong></span> <span class='ocrx_word' id='word_1_131' title='bbox 1285 1926 1318 1988; x_wconf 90' lang='lat' dir='ltr'><strong><em>iis</em></strong></span> 
     </span>
     <span class='ocr_line' id='line_1_16' title="bbox 258 2027 1319 2126; baseline -0.004 -25"><span class='ocrx_word' id='word_1_132' title='bbox 258 2039 359 2104; x_wconf 86' lang='lat' dir='ltr'><strong>subito</strong></span> <span class='ocrx_word' id='word_1_133' title='bbox 393 2043 463 2106; x_wconf 89' lang='lat' dir='ltr'><strong>novi</strong></span> <span class='ocrx_word' id='word_1_134' title='bbox 496 2045 529 2107; x_wconf 90' lang='lat' dir='ltr'><strong><em>et</em></strong></span> <span class='ocrx_word' id='word_1_135' title='bbox 561 2041 709 2126; x_wconf 87' lang='lat' dir='ltr'><strong>inopinati</strong></span> <span class='ocrx_word' id='word_1_136' title='bbox 743 2041 897 2120; x_wconf 81' lang='lat' dir='ltr'><strong>acciderit,</strong></span> <span class='ocrx_word' id='word_1_137' title='bbox 921 2040 952 2106; x_wconf 86' lang='lat' dir='ltr'><strong><em>id</em></strong></span> <span class='ocrx_word' id='word_1_138' title='bbox 974 2047 1030 2120; x_wconf 76' lang='lat' dir='ltr'><strong>est,</strong></span> <span class='ocrx_word' id='word_1_139' title='bbox 1058 2035 1122 2106; x_wconf 82' lang='grc' dir='ltr'><strong><em>κάν</em></strong></span> <span class='ocrx_word' id='word_1_140' title='bbox 1143 2035 1235 2110; x_wconf 78' lang='grc' dir='ltr'><strong><em>ἅπαξ</em></strong></span> <span class='ocrx_word' id='word_1_141' title='bbox 1258 2027 1319 2098; x_wconf 83' lang='grc' dir='ltr'><strong><em>άλ-</em></strong></span> 
     </span>
     <span class='ocr_line' id='line_1_17' title="bbox 259 2139 1317 2233; baseline -0.005 -21"><span class='ocrx_word' id='word_1_142' title='bbox 259 2148 327 2212; x_wconf 87' lang='grc' dir='ltr'><strong><em>λοῑ</em></strong></span> <span class='ocrx_word' id='word_1_143' title='bbox 336 2139 384 2213; x_wconf 88' lang='grc' dir='ltr'><strong><em>όν</em></strong></span> <span class='ocrx_word' id='word_1_144' title='bbox 406 2172 443 2213; x_wconf 89' lang='grc' dir='ltr'><strong><em>τι</em></strong></span> <span class='ocrx_word' id='word_1_145' title='bbox 467 2144 688 2225; x_wconf 74' lang='grc' dir='ltr'><strong><em>πάθωσιν,</em></strong></span> <span class='ocrx_word' id='word_1_146' title='bbox 719 2141 790 2215; x_wconf 75' lang='grc' dir='ltr'><strong><em>οὔτ’</em></strong></span> <span class='ocrx_word' id='word_1_147' title='bbox 812 2142 1003 2233; x_wconf 79' lang='grc' dir='ltr'><strong><em>άναλαβεῑν</em></strong></span> <span class='ocrx_word' id='word_1_148' title='bbox 1024 2141 1166 2220; x_wconf 72' lang='grc' dir='ltr'><strong><em>ἑαυτούς</em></strong></span> <span class='ocrx_word' id='word_1_149' title='bbox 1189 2169 1219 2208; x_wconf 90' lang='grc' dir='ltr'><strong><em>ιι.</em></strong></span> <span class='ocrx_word' id='word_1_150' title='bbox 1243 2169 1271 2208; x_wconf 85' lang='grc' dir='ltr'><strong><em>τ.</em></strong></span> <span class='ocrx_word' id='word_1_151' title='bbox 1293 2141 1317 2204; x_wconf 72' lang='grc' dir='ltr'><strong><em>λ»</em></strong></span> 
     </span>
    </p>
   </div>
   <div class='ocr_carea' id='block_1_5' title="bbox 259 2294 1320 2706">
    <p class='ocr_par' dir='ltr' id='par_1_5' title="bbox 259 2294 1320 2706">
     <span class='ocr_line' id='line_1_18' title="bbox 358 2294 1320 2388; baseline -0.002 -22"><span class='ocrx_word' id='word_1_152' title='bbox 358 2301 503 2378; x_wconf 87' lang='lat' dir='ltr'>XXXVI,</span> <span class='ocrx_word' id='word_1_153' title='bbox 527 2302 566 2365; x_wconf 78' lang='lat'><strong><em>25</em></strong></span> <span class='ocrx_word' id='word_1_154' title='bbox 590 2303 635 2387; x_wconf 90' lang='lat' dir='ltr'><strong><em>(in</em></strong></span> <span class='ocrx_word' id='word_1_155' title='bbox 659 2297 989 2387; x_wconf 79' lang='lat' dir='ltr'><strong>01·ati0ne1‘0mpeii):</strong></span> <span class='ocrx_word' id='word_1_156' title='bbox 1013 2295 1065 2388; x_wconf 81' lang='grc' dir='ltr'><em>μή</em></span> <span class='ocrx_word' id='word_1_157' title='bbox 1087 2295 1152 2387; x_wconf 86' lang='grc' dir='ltr'><strong><em>γάρ</em></strong></span> <span class='ocrx_word' id='word_1_158' title='bbox 1176 2294 1229 2363; x_wconf 83' lang='grc' dir='ltr'><strong><em>ὅτι</em></strong></span> <span class='ocrx_word' id='word_1_159' title='bbox 1252 2299 1320 2364; x_wconf 78' lang='grc' dir='ltr'><strong><em>νέος</em></strong></span> 
     </span>
     <span class='ocr_line' id='line_1_19' title="bbox 259 2398 1318 2496; baseline -0.002 -23"><span class='ocrx_word' id='word_1_160' title='bbox 259 2398 304 2473; x_wconf 77' lang='grc' dir='ltr'><strong><em>ἔτ’</em></strong></span> <span class='ocrx_word' id='word_1_161' title='bbox 340 2408 411 2493; x_wconf 78' lang='grc' dir='ltr'><strong><em>εἰμὶ</em></strong></span> <span class='ocrx_word' id='word_1_162' title='bbox 449 2408 640 2496; x_wconf 73' lang='grc' dir='ltr'><strong><em>λογίζεσθε,</em></strong></span> <span class='ocrx_word' id='word_1_163' title='bbox 676 2402 758 2496; x_wconf 80' lang='grc' dir='ltr'><strong><em>μηδ’</em></strong></span> <span class='ocrx_word' id='word_1_164' title='bbox 792 2405 844 2476; x_wconf 87' lang='grc' dir='ltr'><strong><em>ότι</em></strong></span> <span class='ocrx_word' id='word_1_165' title='bbox 878 2402 960 2475; x_wconf 86' lang='grc' dir='ltr'><strong><em>τόσα</em></strong></span> <span class='ocrx_word' id='word_1_166' title='bbox 994 2410 1048 2476; x_wconf 76' lang='grc' dir='ltr'><strong><em>καὶ</em></strong></span> <span class='ocrx_word' id='word_1_167' title='bbox 1082 2400 1165 2475; x_wconf 87' lang='grc' dir='ltr'><strong><em>τόσα</em></strong></span> <span class='ocrx_word' id='word_1_168' title='bbox 1204 2408 1318 2490; x_wconf 77' lang='grc' dir='ltr'><strong><em>γέγονα</em></strong></span> 
     </span>
     <span class='ocr_line' id='line_1_20' title="bbox 259 2505 1320 2598; baseline -0.002 -21"><span class='ocrx_word' id='word_1_169' title='bbox 259 2509 482 2598; x_wconf 78' lang='grc' dir='ltr'><strong><em>άριθμελσθσ.</em></strong></span> <span class='ocrx_word' id='word_1_170' title='bbox 537 2515 716 2581; x_wconf 83' lang='lat' dir='ltr'><strong>Necessario</strong></span> <span class='ocrx_word' id='word_1_171' title='bbox 747 2516 940 2583; x_wconf 80' lang='lat' dir='ltr'><strong>scribendum</strong></span> <span class='ocrx_word' id='word_1_172' title='bbox 965 2509 1046 2582; x_wconf 86' lang='grc' dir='ltr'><strong><em>τόσα</em></strong></span> <span class='ocrx_word' id='word_1_173' title='bbox 1071 2517 1124 2582; x_wconf 84' lang='lat' dir='ltr'><strong><em>uui</em></strong></span> <span class='ocrx_word' id='word_1_174' title='bbox 1148 2505 1231 2579; x_wconf 85' lang='grc' dir='ltr'><strong><em>τόσα</em></strong></span> <span class='ocrx_word' id='word_1_175' title='bbox 1256 2517 1320 2590; x_wconf 59' lang='lat' dir='ltr'><strong><em>itt:</em></strong></span> 
     </span>
     <span class='ocr_line' id='line_1_21' title="bbox 259 2624 429 2706; baseline 0.006 -22"><span class='ocrx_word' id='word_1_176' title='bbox 259 2624 429 2706; x_wconf 75' lang='lat' dir='ltr'><strong>yiyeuu.*)</strong></span> 
     </span>
    </p>
   </div>
   <div class='ocr_carea' id='block_1_6' title="bbox 260 2759 1320 3470">
    <p class='ocr_par' dir='ltr' id='par_1_6' title="bbox 260 2759 1320 3470">
     <span class='ocr_line' id='line_1_22' title="bbox 361 2759 1319 2844; baseline -0.004 -21"><span class='ocrx_word' id='word_1_177' title='bbox 361 2760 439 2825; x_wconf 87' lang='lat' dir='ltr'><strong>ibid.</strong></span> <span class='ocrx_word' id='word_1_178' title='bbox 464 2761 505 2823; x_wconf 79' lang='lat'><strong><em>42</em></strong></span> <span class='ocrx_word' id='word_1_179' title='bbox 529 2760 581 2844; x_wconf 86' lang='lat' dir='ltr'><strong><em>(de</em></strong></span> <span class='ocrx_word' id='word_1_180' title='bbox 603 2761 635 2826; x_wconf 85' lang='lat' dir='ltr'><strong><em>O.</em></strong></span> <span class='ocrx_word' id='word_1_181' title='bbox 656 2761 794 2833; x_wconf 87' lang='lat' dir='ltr'><strong>Manilio,</strong></span> <span class='ocrx_word' id='word_1_182' title='bbox 819 2781 910 2844; x_wconf 89' lang='lat' dir='ltr'><strong>quem</strong></span> <span class='ocrx_word' id='word_1_183' title='bbox 926 2762 986 2827; x_wconf 88' lang='lat' dir='ltr'><strong><em>Dio</em></strong></span> <span class='ocrx_word' id='word_1_184' title='bbox 1001 2760 1144 2827; x_wconf 83' lang='lat' dir='ltr'><strong>Mallium</strong></span> <span class='ocrx_word' id='word_1_185' title='bbox 1161 2759 1319 2843; x_wconf 87' lang='lat' dir='ltr'><strong>appellat):</strong></span> 
     </span>
     <span class='ocr_line' id='line_1_23' title="bbox 260 2861 1319 2958; baseline -0.001 -25"><span class='ocrx_word' id='word_1_186' title='bbox 260 2869 445 2954; x_wconf 75' lang='grc' dir='ltr'><strong><em>φοβηθείς,</em></strong></span> <span class='ocrx_word' id='word_1_187' title='bbox 469 2863 586 2953; x_wconf 74' lang='grc' dir='ltr'><strong><em>ἐπειδή</em></strong></span> <span class='ocrx_word' id='word_1_188' title='bbox 609 2862 648 2934; x_wconf 86' lang='grc' dir='ltr'><strong><em>τό</em></strong></span> <span class='ocrx_word' id='word_1_189' title='bbox 679 2869 817 2954; x_wconf 77' lang='grc' dir='ltr'><strong><em>πλῆθος</em></strong></span> <span class='ocrx_word' id='word_1_190' title='bbox 840 2869 958 2943; x_wconf 72' lang='grc' dir='ltr'><strong><em>δειναῖς</em></strong></span> <span class='ocrx_word' id='word_1_191' title='bbox 979 2861 1175 2958; x_wconf 73' lang='grc' dir='ltr'><strong><em>ἠγανάκτει,</em></strong></span> <span class='ocrx_word' id='word_1_192' title='bbox 1199 2861 1240 2932; x_wconf 85' lang='grc' dir='ltr'><strong><em>τά</em></strong></span> <span class='ocrx_word' id='word_1_193' title='bbox 1262 2869 1319 2951; x_wconf 75' lang='grc' dir='ltr'><strong><em>μὲν</em></strong></span> 
     </span>
     <span class='ocr_line' id='line_1_24' title="bbox 261 2961 1320 3060; baseline -0.004 -20"><span class='ocrx_word' id='word_1_194' title='bbox 261 2974 378 3060; x_wconf 79' lang='grc' dir='ltr'><strong><em>πρῶτα</em></strong></span> <span class='ocrx_word' id='word_1_195' title='bbox 414 2981 447 3047; x_wconf 77' lang='grc' dir='ltr'><strong><em>ἔς</em></strong></span> <span class='ocrx_word' id='word_1_196' title='bbox 479 3000 515 3039; x_wconf 84' lang='grc' dir='ltr'><strong><em>τε</em></strong></span> <span class='ocrx_word' id='word_1_197' title='bbox 548 2961 610 3040; x_wconf 81' lang='grc' dir='ltr'><strong><em>τόν</em></strong></span> <span class='ocrx_word' id='word_1_198' title='bbox 639 2973 802 3058; x_wconf 75' lang='grc' dir='ltr'><strong><em>Κράσσον</em></strong></span> <span class='ocrx_word' id='word_1_199' title='bbox 836 2977 890 3042; x_wconf 76' lang='grc' dir='ltr'><strong><em>καὶ</em></strong></span> <span class='ocrx_word' id='word_1_200' title='bbox 925 2982 959 3048; x_wconf 74' lang='grc' dir='ltr'><strong><em>ἐς</em></strong></span> <span class='ocrx_word' id='word_1_201' title='bbox 991 2973 1114 3050; x_wconf 78' lang='grc' dir='ltr'><strong><em>άλλοος</em></strong></span> <span class='ocrx_word' id='word_1_202' title='bbox 1147 2970 1244 3048; x_wconf 80' lang='grc' dir='ltr'><strong><em>τινάς</em></strong></span> <span class='ocrx_word' id='word_1_203' title='bbox 1264 2965 1320 3056; x_wconf 69' lang='grc' dir='ltr'><strong><em>τήν</em></strong></span> 
     </span>
     <span class='ocr_line' id='line_1_25' title="bbox 260 3075 1319 3171; baseline -0.004 -23"><span class='ocrx_word' id='word_1_204' title='bbox 260 3075 402 3171; x_wconf 77' lang='grc' dir='ltr'><strong><em>γνώμην</em></strong></span> <span class='ocrx_word' id='word_1_205' title='bbox 434 3075 573 3170; x_wconf 74' lang='grc' dir='ltr'><strong><em>άνὴγιν,</em></strong></span> <span class='ocrx_word' id='word_1_206' title='bbox 608 3077 652 3156; x_wconf 76' lang='grc' dir='ltr'><strong><em>ὥς</em></strong></span> <span class='ocrx_word' id='word_1_207' title='bbox 684 3075 713 3148; x_wconf 80' lang='lat' dir='ltr'><strong><em>‹t’</em></strong></span> <span class='ocrx_word' id='word_1_208' title='bbox 746 3075 858 3158; x_wconf 70' lang='grc' dir='ltr'><strong><em>οὐδεὶς</em></strong></span> <span class='ocrx_word' id='word_1_209' title='bbox 880 3085 1055 3152; x_wconf 76' lang='grc' dir='ltr'><strong><em>ἐπίστευεν</em></strong></span> <span class='ocrx_word' id='word_1_210' title='bbox 1077 3089 1121 3161; x_wconf 89' lang='grc' dir='ltr'><strong><em>οἱ,</em></strong></span> <span class='ocrx_word' id='word_1_211' title='bbox 1145 3077 1206 3148; x_wconf 84' lang='grc' dir='ltr'><strong><em>τόν</em></strong></span> <span class='ocrx_word' id='word_1_212' title='bbox 1228 3082 1319 3164; x_wconf 82' lang='grc' dir='ltr'><strong><em>Πομ·</em></strong></span> 
     </span>
     <span class='ocr_line' id='line_1_26' title="bbox 261 3184 1319 3274; baseline -0.004 -20"><span class='ocrx_word' id='word_1_213' title='bbox 261 3184 368 3274; x_wconf 76' lang='grc' dir='ltr'><strong><em>νήϊον</em></strong></span> <span class='ocrx_word' id='word_1_214' title='bbox 390 3190 444 3254; x_wconf 73' lang='grc' dir='ltr'><strong><em>καὶ</em></strong></span> <span class='ocrx_word' id='word_1_215' title='bbox 468 3186 594 3255; x_wconf 87' lang='grc' dir='ltr'><strong><em>άκοντα</em></strong></span> <span class='ocrx_word' id='word_1_216' title='bbox 621 3184 842 3256; x_wconf 77' lang='grc' dir='ltr'><strong><em>ἐκολάκευσεν</em></strong></span> <span class='ocrx_word' id='word_1_217' title='bbox 865 3215 894 3255; x_wconf 80' lang='grc' dir='ltr'><strong><em>τι.</em></strong></span> <span class='ocrx_word' id='word_1_218' title='bbox 915 3215 944 3254; x_wconf 91' lang='grc' dir='ltr'><strong><em>τ.</em></strong></span> <span class='ocrx_word' id='word_1_219' title='bbox 967 3192 997 3255; x_wconf 83' lang='grc' dir='ltr'><strong><em>λ.</em></strong></span> <span class='ocrx_word' id='word_1_220' title='bbox 1045 3189 1209 3274; x_wconf 74' lang='lat' dir='ltr'><strong>corrigunt</strong></span> <span class='ocrx_word' id='word_1_221' title='bbox 1238 3185 1319 3254; x_wconf 81' lang='grc' dir='ltr'><strong><em>ἄκων</em></strong></span> 
     </span>
     <span class='ocr_line' id='line_1_27' title="bbox 261 3296 1318 3378; baseline -0.006 -16"><span class='ocrx_word' id='word_1_222' title='bbox 261 3301 292 3362; x_wconf 88' lang='lat' dir='ltr'><strong><em>et</em></strong></span> <span class='ocrx_word' id='word_1_223' title='bbox 313 3297 352 3363; x_wconf 87' lang='lat' dir='ltr'><strong><em>ad</em></strong></span> <span class='ocrx_word' id='word_1_224' title='bbox 374 3299 494 3364; x_wconf 83' lang='lat' dir='ltr'><strong>litteras</strong></span> <span class='ocrx_word' id='word_1_225' title='bbox 515 3296 761 3378; x_wconf 80' lang='lat' dir='ltr'><strong>improbabiliter</strong></span> <span class='ocrx_word' id='word_1_226' title='bbox 782 3298 815 3362; x_wconf 93' lang='lat' dir='ltr'><strong><em>et</em></strong></span> <span class='ocrx_word' id='word_1_227' title='bbox 833 3296 1083 3364; x_wconf 79' lang='lat' dir='ltr'><strong>adsentantium.</strong></span> <span class='ocrx_word' id='word_1_228' title='bbox 1128 3296 1318 3364; x_wconf 77' lang='lat' dir='ltr'><strong>Scribendun</strong></span> 
     </span>
     <span class='ocr_line' id='line_1_28' title="bbox 261 3427 442 3470; baseline -0.006 -2"><span class='ocrx_word' id='word_1_229' title='bbox 261 3427 442 3470; x_wconf 78' lang='grc' dir='ltr'><strong><em>αποντα</em></strong></span> 
     </span>
    </p>
   </div>
   <div class='ocr_carea' id='block_1_7' title="bbox 262 3542 1319 3737">
    <p class='ocr_par' dir='ltr' id='par_1_7' title="bbox 262 3542 1319 3737">
     <span class='ocr_line' id='line_1_29' title="bbox 361 3542 1318 3648; baseline -0.006 -40"><span class='ocrx_word' id='word_1_230' title='bbox 361 3543 522 3648; x_wconf 76' lang='lat' dir='ltr'>XXXVII,</span> <span class='ocrx_word' id='word_1_231' title='bbox 546 3544 583 3607; x_wconf 88' lang='grc'><strong><em>16</em></strong></span> <span class='ocrx_word' id='word_1_232' title='bbox 607 3543 659 3628; x_wconf 88' lang='lat' dir='ltr'><strong><em>(de</em></strong></span> <span class='ocrx_word' id='word_1_233' title='bbox 682 3543 827 3610; x_wconf 87' lang='lat' dir='ltr'><strong>Romania</strong></span> <span class='ocrx_word' id='word_1_234' title='bbox 843 3542 1058 3628; x_wconf 83' lang='lat' dir='ltr'><strong>Hierosolyma</strong></span> <span class='ocrx_word' id='word_1_235' title='bbox 1080 3544 1318 3632; x_wconf 78' lang='lat' dir='ltr'><strong>oppugnantibus</strong></span> 
     </span>
     <span class='ocr_line' id='line_1_30' title="bbox 262 3645 1319 3737; baseline -0.002 -22"><span class='ocrx_word' id='word_1_236' title='bbox 262 3653 294 3716; x_wconf 89' lang='lat' dir='ltr'><strong><em>et</em></strong></span> <span class='ocrx_word' id='word_1_237' title='bbox 316 3651 487 3716; x_wconf 84' lang='lat' dir='ltr'><strong>Iudaeorum</strong></span> <span class='ocrx_word' id='word_1_238' title='bbox 510 3668 564 3731; x_wconf 86' lang='lat' dir='ltr'><strong><em>par</em></strong></span> <span class='ocrx_word' id='word_1_239' title='bbox 586 3650 651 3715; x_wconf 86' lang='lat' dir='ltr'><strong>dies</strong></span> <span class='ocrx_word' id='word_1_240' title='bbox 673 3651 768 3715; x_wconf 80' lang='lat' dir='ltr'><strong>festos</strong></span> <span class='ocrx_word' id='word_1_241' title='bbox 796 3651 899 3732; x_wconf 88' lang='lat' dir='ltr'><strong>quiete</strong></span> <span class='ocrx_word' id='word_1_242' title='bbox 929 3650 1117 3735; x_wconf 85' lang='lat' dir='ltr'><strong>utentibua):</strong></span> <span class='ocrx_word' id='word_1_243' title='bbox 1150 3645 1319 3737; x_wconf 73' lang='grc' dir='ltr'><strong><em>μαθόντες</em></strong></span> 
     </span>
    </p>
   </div>
   <div class='ocr_carea' id='block_1_8' title="bbox 315 3912 1318 4162">
    <p class='ocr_par' dir='ltr' id='par_1_8' title="bbox 315 3912 1318 4162">
     <span class='ocr_line' id='line_1_31' title="bbox 315 3912 1318 3992; baseline 0.002 -20"><span class='ocrx_word' id='word_1_244' title='bbox 315 3919 344 3984; x_wconf 87' lang='grc'><strong><em>*)</em></strong></span> <span class='ocrx_word' id='word_1_245' title='bbox 362 3918 431 3973; x_wconf 89' lang='lat' dir='ltr'><strong>Ibid.</strong></span> <span class='ocrx_word' id='word_1_246' title='bbox 459 3919 494 3975; x_wconf 67' lang='grc' dir='ltr'><strong><em>λδ</em></strong></span> <span class='ocrx_word' id='word_1_247' title='bbox 524 3935 574 3989; x_wconf 86' lang='lat' dir='ltr'><strong><em>pro</em></strong></span> <span class='ocrx_word' id='word_1_248' title='bbox 603 3935 644 3988; x_wconf 90' lang='lat' dir='ltr'><strong><em>eo,</em></strong></span> <span class='ocrx_word' id='word_1_249' title='bbox 672 3920 746 3988; x_wconf 88' lang='lat' dir='ltr'><strong>quod</strong></span> <span class='ocrx_word' id='word_1_250' title='bbox 764 3920 868 3990; x_wconf 76' lang='lat' dir='ltr'><strong>editur:</strong></span> <span class='ocrx_word' id='word_1_251' title='bbox 898 3917 941 3975; x_wconf 77' lang='grc' dir='ltr'><strong><em>ὅτι</em></strong></span> <span class='ocrx_word' id='word_1_252' title='bbox 967 3920 1113 3992; x_wconf 79' lang='grc' dir='ltr'><strong><em>Πομπήϊος</em></strong></span> <span class='ocrx_word' id='word_1_253' title='bbox 1131 3912 1214 3984; x_wconf 78' lang='grc' dir='ltr'><strong><em>οὗτος</em></strong></span> <span class='ocrx_word' id='word_1_254' title='bbox 1233 3917 1260 3974; x_wconf 73' lang='grc' dir='ltr'><strong><em>ἐν</em></strong></span> <span class='ocrx_word' id='word_1_255' title='bbox 1276 3913 1318 3986; x_wconf 67' lang='grc' dir='ltr'><strong><em>μὶν</em></strong></span> 
     </span>
     <span class='ocr_line' id='line_1_32' title="bbox 362 4005 1317 4085; baseline -0.002 -19"><span class='ocrx_word' id='word_1_256' title='bbox 362 4015 503 4084; x_wconf 75' lang='grc' dir='ltr'><strong><em>μειρακίῳ,</em></strong></span> <span class='ocrx_word' id='word_1_257' title='bbox 516 4013 700 4069; x_wconf 82' lang='lat' dir='ltr'><strong>scribendum:</strong></span> <span class='ocrx_word' id='word_1_258' title='bbox 716 4009 759 4068; x_wconf 77' lang='grc' dir='ltr'><strong><em>ὅτι</em></strong></span> <span class='ocrx_word' id='word_1_259' title='bbox 774 4013 927 4083; x_wconf 80' lang='grc' dir='ltr'><strong><em>Πομπήϊος,</em></strong></span> <span class='ocrx_word' id='word_1_260' title='bbox 947 4011 1001 4068; x_wconf 76' lang='grc' dir='ltr'><strong><em>ὅτε</em></strong></span> <span class='ocrx_word' id='word_1_261' title='bbox 1019 4011 1069 4083; x_wconf 80' lang='grc' dir='ltr'><strong><em>μὲν</em></strong></span> <span class='ocrx_word' id='word_1_262' title='bbox 1087 4005 1126 4085; x_wconf 82' lang='grc' dir='ltr'><strong><em>ἦν</em></strong></span> <span class='ocrx_word' id='word_1_263' title='bbox 1144 4009 1317 4083; x_wconf 75' lang='grc' dir='ltr'><strong><em>μειράκιον</em></strong></span> 
     </span>
     <span class='ocr_line' id='line_1_33' title="bbox 363 4107 768 4162; baseline 0.005 -2"><span class='ocrx_word' id='word_1_264' title='bbox 363 4112 410 4160; x_wconf 86' lang='lat' dir='ltr'><strong><em>aut</em></strong></span> <span class='ocrx_word' id='word_1_265' title='bbox 429 4111 503 4160; x_wconf 85' lang='lat' dir='ltr'><strong>certe</strong></span> <span class='ocrx_word' id='word_1_266' title='bbox 522 4107 655 4162; x_wconf 83' lang='lat' dir='ltr'><strong>similiter.</strong></span> <span class='ocrx_word' id='word_1_267' title='bbox 763 4109 768 4118; x_wconf 93' lang='grc'><em>“</em></span> 
     </span>
    </p>
   </div>
   <div class='ocr_carea' id='block_1_9' title="bbox 0 0 1374 4582">
    <p class='ocr_par' dir='ltr' id='par_1_9' title="bbox 0 0 1374 4582">
     <span class='ocr_line' id='line_1_34' title="bbox 0 0 1374 4582; baseline 0 0"><span class='ocrx_word' id='word_1_268' title='bbox 0 0 1374 4582; x_wconf 95' lang='lat' dir='ltr'><strong><em> </em></strong></span> 
     </span>
    </p>
   </div>
  </div>
 </body>
</html>
