2728 4582
279 262 320 323 44
641 261 703 315 nn.
721 261 744 316 1.
767 256 832 331 esp.
850 261 901 316 ns

240 461 294 524 καί
318 459 560 543 περιστέλλειν,
584 467 639 524 ἴνα
661 460 715 524 nol
731 473 804 533 τοῖς
819 459 937 525 δοῦσιν
952 453 996 531 ῦς
1011 454 1306 546 εὐσχημονέστατα

238 567 403 650 ἐφαίνετο
437 568 491 630 καί
526 580 598 638 τοῖς
638 566 803 650 λαβοῦσιν
843 560 940 651 ῦμῑν,
974 563 1069 651 ιίγεις
1102 570 1153 639 εἰς
1184 572 1304 649 μέσον,

240 666 418 747 δεικνύεις,
431 675 585 759 ἐλέγχεις,
597 665 709 755 μόνον
730 666 792 739 οῦκ
805 666 978 754 ὀνειδίζεις
997 699 1025 737 ιι.
1037 698 1066 738 τ.
1080 675 1108 739 λ.
1138 673 1255 756 Agitur
1271 678 1310 738 de
1358 687 1359 720 ³

239 778 366 844 civitate
403 778 590 844 Atheniensi
626 780 811 845 accusatoris
847 781 928 862 patri
965 781 995 843 et
1031 777 1209 842 Phormioni
1246 796 1307 843 non

239 884 469 966 honestissimas
492 885 531 949 ob
553 903 661 950 causas
684 885 870 952 liberalitate
892 886 998 967 populi
1013 885 1095 950 data.
1133 884 1179 948 De
1193 884 1307 958 fructu,
1340 870 1356 924 ⁸

78 983 80 997 '
167 1043 171 1049 .
239 1009 331 1072 quom
378 1009 413 1055 ex
444 989 547 1074 aliqua
591 1009 623 1054 re
657 993 711 1056 aut
744 1011 778 1056 er
799 991 998 1057 liberalitato
1031 989 1159 1056 alieuius
1192 990 1309 1071 capias,

108 1086 112 1102 ί
227 1096 345 1161 'Graece
378 1091 568 1162 α’πολιιῦειν
590 1098 623 1160 τί
644 1098 879 1176 aevocdioilur;
903 1097 982 1179 quod
998 1095 1135 1162 hocloco
1151 1096 1307 1172 scribitur,
1359 1091 1360 1114 ³

239 1195 430 1268 α’πολαῦειν
451 1231 482 1268 τι
508 1199 561 1270 διά
585 1229 687 1278 τινος,
718 1223 869 1286 nusquam
898 1202 1049 1286 reperitur
1076 1201 1213 1284 adeoque
1236 1203 1310 1266 usui
1359 1186 1360 1194 ί

239 1309 382 1390 loquendi
403 1309 612 1392 perfrequenti
632 1313 793 1394 repugnat,
817 1314 852 1374 ut
873 1309 1009 1375 tollenda
1027 1306 1213 1390 simpliciter
1227 1326 1309 1389 prae·
1359 1293 1360 1330 ³

238 1411 351 1496 p'ositio
386 1415 484 1479 videri
518 1417 625 1498 possit.
684 1418 744 1480 Sed
778 1417 862 1499 origo
897 1416 1000 1480 rnendi
1037 1413 1246 1496 perspicietur,
1283 1415 1308 1478 si
1359 1436 1360 1439 ¹

238 1521 466 1604 scripserimus:
496 1517 519 1586 ῦί
541 1525 632 1607 ἰδίᾳ
654 1524 715 1608 της
736 1515 866 1588 τοῦτον
889 1521 1017 1604 (populi)
1041 1521 1309 1606 φιλανθρωπίας
1359 1519 1360 1548 ³

239 1619 441 1701 α’πολαῦσας
463 1624 581 1712 εὕρετο
605 1624 624 1694 o‘
647 1625 704 1702 σός
725 1623 850 1716 πατήρ.
900 1629 1070 1711 Aptissima
1096 1627 1255 1709 privatum
1278 1631 1311 1692 et

238 1734 395 1814 proprium
425 1734 558 1800 fructum
587 1755 622 1800 ex
651 1736 758 1818 populi
786 1735 932 1802 beneficio
954 1736 985 1800 et
1008 1734 1194 1799 liberalitate
1216 1752 1308 1799 acon·

239 1839 351 1903 satoris
375 1842 462 1919 pater
484 1841 516 1905 et
538 1842 679 1907 Phormio
702 1843 855 1924 aooepisse
881 1841 1034 1907 diountur.
1077 1833 1162 1926 Ἰδίη
1184 1843 1216 1905 in
1240 1834 1308 1905 δι’ίί

238 1961 256 2007 a
287 1940 421 2009 librariis
453 1948 676 2012 commutatum
710 1949 741 2012 in
774 1946 913 2012 Platonis
946 1947 1163 2031 Eutbyphrone
1183 1947 1311 2012 ostendi

238 2047 316 2114 nov.
339 2049 412 2114 orn.
435 2050 450 2115 ι
471 2071 502 2134 p.
524 2051 594 2116 aar.

337 2155 433 2233 XLII,
458 2159 491 2224 7:
522 2163 615 2233 τέλος
638 2153 679 2235 δ’,
703 2169 759 2225 ἵνα
781 2155 831 2244 μή
854 2160 1068 2245 μακρολογῶ,
1092 2155 1309 2245 καταστήσας

223 2257 424 2358 (φνλοίττειν
447 2267 545 2333 ένδον
567 2263 676 2342 τινας,
701 2269 754 2332 καί
778 2263 820 2354 aar)
843 2261 895 2334 Δί’
910 2261 1068 2332 α’πειπιῦν
1084 2269 1139 2333 καί
1155 2261 1312 2340 κωλῦσας
1360 2309 1361 2346 r

240 2364 322 2442 τοῦς
354 2363 522 2455 ὀνηλάτας
550 2370 601 2460 μη
637 2367 767 2461 έξσίγειν
799 2369 864 2460 την
894 2372 1044 2465 ῦληνιέιι
1067 2377 1128 2459 τῆς
1150 2378 1311 2460 ἐσχατιᾶς
1360 2419 1361 2424 1

240 2472 430 2563 (πρόςγιίρ
452 2481 495 2568 τῇ
526 2479 612 2570 ιίλλη
637 2475 735 2567 οῦσίηι
760 2483 803 2572 τη
826 2483 1037 2557 Φαινίππου,
1061 2471 1085 2545 ol
1107 2478 1231 2567 οίνδρες
1256 2484 1309 2548 δι-
1360 2521 1361 2559 1

244 2586 377 2658 κασταί,
402 2588 455 2651 καί
478 2585 568 2673 αῦτη
591 2580 758 2672 πρόσοδος
779 2583 912 2675 μεγοίλη
935 2592 1026 2657 ἐστίν
1048 2583 1151 2677 αῦτηῦ·
1175 2585 1209 2666 ἒξ
1231 2586 1308 2655 ὄνοι

240 2683 282 2756 δι’
298 2694 456 2759 ἐνιαυτοῦ
471 2689 684 2780 ῦλαγιογοῦσι
709 2741 742 2758 ..
761 2744 768 2760 .
787 2742 793 2759 ι
812 2705 833 2771 .)
856 2691 990 2769 τούτοις
1005 2689 1174 2770 α’πειποίν,
1191 2691 1309 2780 ὥσπερ
1360 2767 1361 2770 ¹

240 2800 335 2885 λέγω,
368 2799 428 2884 τῆς
457 2797 542 2887 ῦλης
573 2796 623 2886 μή
658 2797 846 2875 ἅπτεσθαι,
881 2805 935 2868 καί
959 2803 1162 2890 ἐπαγγείλας
1184 2804 1240 2868 ἐπὶ
1264 2799 1308 2868 τιί
1360 2843 1361 2862 ι

240 2899 312 2989 lepor*
337 2906 519 2993 Φαινίππῳ
544 2904 627 2974 κατιί
651 2904 714 2974 τόν
729 2903 838 2994 νόμον
854 2903 1026 2986 α’παντῦν,
1043 2904 1179 2998 ηίγόμην
1194 2901 1309 2974 οίπιαίν

239 3015 288 3085 εἰς
324 3010 419 3079 ῦστν.
485 3016 618 3080 Pravum
656 3034 722 3080 esse
758 3019 812 3082 καὶ
847 3011 996 3091 κωλύσας
1030 3019 1204 3092 ostendunt,
1238 3037 1311 3100 quae

238 3118 318 3184 infra
340 3123 370 3204 (ᾗ
394 3121 425 3200 9)
449 3121 603 3198 dicuntur,
640 3141 675 3187 ex
706 3125 818 3204 quibus
851 3128 978 3206 apparet
1009 3123 1213 3206 Phaenippum
1245 3143 1310 3188 uno

220 3227 415 3306 ,intermisso
438 3229 486 3293 oio
508 3229 601 3312 ligna,
624 3233 659 3294 nt
681 3229 802 3303 soleret,
827 3249 862 3294 ex
884 3249 957 3314 agro
980 3233 1169 3312 asportasse3
1199 3232 1305 3313 itaque

238 3336 274 3408 is,
296 3353 350 3417 pro
374 3353 434 3416 quo
447 3335 549 3399 orator
565 3334 649 3412 dieii,
666 3353 725 3399 non
739 3336 953 3418 impediverat,
970 3338 1142 3419 quominus
1157 3353 1304 3420 agasones
1359 3361 1361 3390 ι

239 3439 324 3524 ligna
347 3441 548 3522 exportarent,
576 3441 630 3504 sed
658 3441 807 3523 impedire
836 3443 976 3508 voluerat
1004 3442 1098 3524 idque
1119 3445 1307 3525 praeoeperat
1360 3521 1361 3544 ρ

239 3547 413 3612 hominibus
435 3565 453 3611 a
474 3565 507 3610 so
532 3547 563 3611 in
586 3548 725 3612 custodia
753 3548 881 3623 relictis,
914 3552 1005 3632 atque
1039 3550 1096 3614 hoo
1125 3549 1310 3614 confirmant
1360 3569 1361 3588 ι

240 3653 359 3719 oodioes
382 3652 502 3736 optimi,
526 3654 578 3735 qui
600 3653 748 3736 seriptum
771 3656 899 3721 habent:
929 3658 983 3721 καὶ
1006 3651 1049 3739 νη
1073 3649 1126 3722 Δί’
1146 3649 1307 3722 οἷπειπδν

239 3760 385 3826 κωλῦσαι
408 3754 490 3834 τοῦς
511 3753 680 3844 ῦνηλοίτας
709 3757 760 3847 ,ιι-η’
791 3758 920 3850 ἐξιίγειν
943 3787 972 3828 κ.
994 3789 1024 3827 τ.
1048 3766 1099 3827 l.v
1130 3762 1244 3826 Verum
1269 3761 1308 3824 de

238 3867 370 3932 iubendo
393 3860 556 3933 ῦπειπιῑν
579 3870 661 3933 nullo
684 3871 773 3934 modo
797 3871 858 3936 diei
880 3872 992 3952 potest.
1050 3868 1221 3950 Scripserat
1242 3869 1308 3932 De·

239 3974 431 4041 mosthenes:
455 3977 508 4042 καί
532 3969 574 4059 κη’
598 3974 676 4042 Δία
700 3971 835 4042 εἰποίν
857 3977 1003 4042 κωλῦσαι
1026 3971 1108 4048 τοῦς
1124 3967 1306 4061 σ’νηλοίτας.
1360 4033 1361 4060 ,

176 4131 178 4142 r
239 4083 297 4148 Pro
329 4084 386 4149 hoo
416 4077 524 4149 εἰπιδν
553 4082 699 4147 κωλῦσαι
733 4082 842 4147 deindo
873 4084 945 4164 post
979 4081 1186 4164 parenthesin*
1210 4101 1305 4147 unum
