2712 4576
283 253 343 317 152
643 253 703 309 Lib.
722 255 758 310 11.
778 254 844 324 (lap.
859 254 900 308 11.

241 451 505 519 incredibilis
527 454 565 519 iu
587 453 691 518 hunc
713 451 847 541 eadem
863 450 1104 518 liberalitas
1125 451 1317 517 exstitis-

241 564 317 637 set,
350 578 419 625 nos
451 559 552 624 hanc
583 559 660 624 iam
693 556 845 640 pridem
874 559 912 623 in
940 558 1025 623 foro
1048 577 1123 624 non
1146 559 1316 623 habere·

239 685 333 731 mur.
377 664 577 732 Scribcndnm
599 664 739 730 videtur:
762 663 844 730 nisi
867 711 874 727 .
900 711 907 727 .
931 684 1081 730 summa
1102 666 1142 730 in
1164 683 1317 742 omnes,

240 772 506 838 incredibilis
528 773 567 836 in
590 771 693 836 hunc
714 771 748 835 ct
769 768 879 836 divina
900 771 1139 837 liberalitas
1162 772 1232 849 cat,
1251 772 1317 836 hoe

241 880 297 956 est,
320 878 381 944 uisi
401 878 571 944 liberalitas
594 876 732 954 (laeseris,
763 895 832 959 qnae
860 876 892 940 in
922 894 1029 942 omnes
1051 895 1174 943 summa
1195 879 1253 954 eet,
1276 879 1311 940 in

240 985 322 1050 hunc
343 985 531 1052 incredibilis
554 986 585 1048 et
608 982 712 1048 divina
732 983 911 1048 exstitisset.
922 982 956 1059 *l

341 1175 405 1242 Pro
427 1173 579 1241 llarcollo
600 1174 656 1237 10:
679 1173 852 1237 omnium
873 1171 1160 1264 Marcellorum
1182 1191 1312 1238 meum

240 1283 382 1365 pectus
403 1280 594 1348 memoria
615 1276 779 1344 offudit.
816 1278 967 1344 Inusitate
989 1277 1313 1344 memoriaoffnnderc

233 1369 346 1471 ⁴pectus
380 1387 445 1454 eine
478 1385 597 1463 dicitnr,
632 1384 685 1470 qui
718 1403 786 1450 eam
823 1403 891 1450 cum
930 1383 1144 1450 benevolentia
1167 1386 1199 1452 et
1221 1386 1312 1468 grato

240 1493 341 1560 animo
364 1494 478 1559 recolit.
526 1490 660 1556 Videtur
681 1491 786 1557 Cicero
810 1489 988 1572 scripsisse:
1012 1490 1186 1557 omnium
1209 1493 1310 1558 Mar-

240 1597 1312 1681 callorum<in>menmpeatne<se>memoriaeffudit

340 1715 417 1782 lbid.
449 1716 501 1780 12:
534 1717 660 1796 ipsam
697 1717 915 1781 victoriam
947 1714 1101 1780 vicisse
1134 1715 1307 1793 videris,

239 1841 322 1888 aum
345 1841 404 1899 ea,
435 1841 517 1905 quac
545 1820 621 1886 illa
652 1823 739 1886 erat
759 1822 922 1904 adepta,
945 1821 1070 1887 victis
1093 1822 1313 1888 remisisti.

239 1928 338 1993 Valde
369 1928 516 1993 inusitate
549 1925 677 1993 victoria
709 1926 821 2010 adepta
853 1946 920 1993 csse
952 1927 1073 2004 dicitur,
1108 1946 1177 2011 quae
1202 1927 1311 1994 Caesar

238 2032 385 2100 vincendo
407 2034 537 2116 adeptus
560 2035 635 2112 erat,
658 2050 714 2098 nec
732 2036 839 2115 aptum
861 2033 934 2099 huic
950 2033 1111 2099 sententia
1125 2034 1310 2098 remittendi
1349 2039 1350 2086 ἒ

238 2140 373 2206 verbum.
431 2138 532 2204 Codex
564 2139 741 2204 Fuldensis:
776 2140 900 2204 eraut.
960 2140 1158 2206 Scribendum
1194 2139 1312 2224 igitur:

238 2266 320 2320 cum
344 2265 402 2325 ea,
425 2265 507 2330 quae
529 2246 603 2312 illa
626 2247 742 2311 erant
763 2245 926 2331 adempta,
948 2246 1074 2312 victis
1097 2247 1313 2322 remisistis

237 2355 268 2418 id
291 2355 347 2433 eet,
370 2351 542 2418 reddidisti.

337 2541 478 2626 Philipp.
495 2543 535 2618 11,
560 2541 615 2604 19:
638 2542 728 2606 Haec
749 2545 789 2606 tu
811 2559 886 2606 non
909 2543 1075 2624 propter
1096 2542 1305 2607 audaciam

237 2649 340 2714 dicis
361 2648 440 2712 tam
468 2646 741 2728 impudenter,
770 2647 839 2712 sed
868 2648 963 2732 quia
990 2650 1146 2713 tantam
1174 2666 1307 2713 rernm

236 2753 545 2836 repugnantiam
567 2770 640 2817 non
667 2751 815 2832 videas.
843 2752 960 2819 Nihil
981 2754 1166 2837 profacto
1189 2755 1310 2838 sapis

237 2859 287 2924 Sic
309 2845 404 2924 codes
430 2858 607 2923 Vaticanus.
657 2857 776 2923 Vitium
810 2859 956 2925 orationis
989 2867 1116 2942 apparet
1149 2849 1180 2925 iri
1213 2863 1307 2944 qnia

340 2964 496 3040 videas,
536 2963 682 3046 quoniam
720 2967 751 3029 in
785 2966 843 3031 hac
874 2966 1078 3032 affirmatione
1113 2966 1305 3033 coniunctivo
1348 2985 1349 3016 l

235 3071 320 3136 locus
342 3088 401 3135 nou
423 3070 479 3134 est.
523 3069 644 3135 Deinde
665 3072 828 3152 posthanc
844 3072 1098 3138 affirmationem:
1122 3071 1190 3156 sed
1215 3075 1305 3157 qnia

288 3340 315 3409 *)
335 3344 350 3404 t
368 3339 404 3395 43
421 3339 488 3394 nihil
511 3344 562 3408 eet,
590 3356 641 3394 cur
667 3357 722 3395 non
749 3346 823 3396 recte
852 3341 977 3397 dicantur
1003 3350 1119 3412 turpes
1146 3343 1307 3413 impensae

334 3433 574 3503 cupiditatum,
593 3450 655 3502 quae
673 3433 743 3488 fiant
761 3434 796 3489 ad
814 3434 980 3505 cupiditates
999 3435 1171 3514 capiendas.¹
1195 3437 1301 3494 Deinde

292 3583 295 3590 ,
334 3526 373 3581 sic
392 3525 565 3582 scribendum
592 3533 650 3581 est:
679 3526 849 3583 labentem
877 3529 1025 3599 excepit,
1053 3544 1211 3586 corruere
1238 3546 1301 3586 non

333 3619 427 3687 sivit,
445 3618 545 3674 fulsit
563 3626 595 3674 et
615 3620 780 3675 sustinuit
797 3636 844 3690 re,
862 3620 948 3691 tide,
967 3623 1134 3690 hodieque
1154 3623 1298 3679 sustinet

333 3711 403 3777 (haec
430 3728 485 3767 una
513 3713 584 3767 serie
611 3719 685 3768 recte
704 3713 853 3768 decurrunt
871 3714 905 3770 de
923 3715 966 3782 iis,
995 3732 1056 3783 quac
1076 3716 1171 3771 Caesar
1187 3717 1298 3773 Rabirio

332 3804 466 3873 tribuerit,
496 3821 612 3873 quornm
643 3806 806 3861 sententiam
827 3806 948 3862 breviter
973 3815 1117 3864 enarrator
1147 3810 1244 3878 aliquis
1269 3812 1298 3866 in
1347 3853 1348 3874 p

244 3902 248 3908 ’
332 3897 456 3966 margine
476 3898 681 3967 comprehendit
698 3898 754 3953 illis
772 3900 875 3955 verbine
904 3917 963 3956 nec
991 3903 1127 3958 amicum
1155 3903 1305 3972 pruden--
1347 3903 1348 3910 ’

334 3997 398 4046 tem
418 3997 470 4046 cet.
506 3990 612 4046 Deinde
630 3991 764 4046 transitur
786 3993 821 4048 ad
846 3995 1002 4062 generalem
1027 3994 1143 4050 Caesaris
1169 3995 1299 4066 laudem)

330 4083 512 4139 Necillius
533 4085 632 4138 animi
651 4089 701 4139 cet.
807 4129 810 4135 ,
