2728 4582
450 255 464 318 ,“
501 255 665 322 Herodotus.
1037 255 1075 316 ΙΙ

150 451 233 518 ibid.
269 453 344 516 142:
380 459 418 520 ἐν
450 443 569 519 τοίνυν
600 444 708 540 τούτῳ
744 455 789 540 τῷ
825 445 931 541 χρόνῳ
964 446 1118 539 τετράκις

55 561 167 645 ἔλεγον
201 564 233 636 ἐξ
265 552 381 646 ἠθέων
412 554 475 626 τύν
496 556 595 644 ἥλιον
626 552 801 626 α’νατεῑλαι
825 577 834 596 ·
859 567 948 628 ἔνθα
982 586 1019 626 τε
1052 561 1117 624 νύν

55 661 266 743 καταδύεται,
300 666 465 732 ἐνθεῦτεν
500 662 551 739 δὶς
583 670 816 744 ἐπανατεῑλαι,
847 669 902 734 καὶ
925 675 1032 735 ἔνθεν
1053 668 1119 732 νύν

52 765 239 849 α’νατὲλλει,
257 773 411 839 ἐνθαῦτα
429 774 480 847 δὶα
496 773 693 840 καταδῦναι.
736 774 842 839 Primo
858 774 926 839 loco
942 766 1117 840 α’νατεῑλαι

53 872 229 961 corruptum
252 899 318 946 esso
340 880 539 947 menifestum
564 883 628 956 est;
656 898 755 963 neque
784 879 866 945 enim
891 879 988 945 solem
1011 897 1118 944 narra·

53 984 122 1048 bant
144 987 257 1067 quater
278 1005 313 1051 ex
333 986 452 1052 usitato
480 987 546 1052 looo
573 988 677 1052 ortum
706 1004 772 1052 esse
797 985 848 1068 ·(id
875 984 957 1050 enim
980 984 1118 1069 quotidie

54 1091 166 1169 debet).
191 1091 246 1157 sed
268 1095 379 1176 quater
401 1095 581 1158 consuetum
605 1093 709 1158 locum
733 1094 881 1158 obsitum
905 1093 1051 1164 mutasse,
1074 1091 1118 1157 ita

53 1201 83 1261 ut
104 1201 257 1264 contraria
277 1199 401 1283 regione
435 1205 467 1264 et
495 1201 633 1264 oreretur
667 1201 700 1265 et
728 1199 889 1265 ooeideret.
943 1199 1118 1265 Herodotus

51 1304 209 1387 scripsisse
245 1305 379 1371 videtur:
421 1311 453 1382 ἐξ
483 1300 601 1392 ἠθέων
633 1301 695 1372 τόν
726 1302 826 1391 ἥλιον
861 1299 1117 1391 α’ναστῆναι,

53 1410 210 1490 migrasse.
275 1411 427 1491 (Sublato,
463 1412 545 1495 quod
577 1412 737 1496 Krigerus
769 1410 902 1490 volebat,
935 1412 1117 1494 simpliciter

50 1509 225 1582 α’νατεῑλαι
249 1537 305 1583 neo
327 1519 425 1584 oratio
446 1538 501 1586 neo
522 1519 679 1585 sententie
700 1519 843 1595 constet)

147 1691 210 1768 111,
236 1694 291 1757 14:
309 1695 376 1781 1καὶ
410 1695 517 1762 ταῦτα
542 1688 586 1768 οἷς
616 1687 864 1781 ἀπενειχθέντα
887 1685 956 1760 ύπύ
980 1685 1117 1764 τούτου,

51 1787 88 1859 εὖ
109 1797 240 1865 δακέειν
263 1825 320 1884 σφι
341 1801 513 1886 εἰρῆσθαι.
557 1802 707 1882 Quoniam
723 1819 819 1884 neque
835 1793 878 1872 ως
894 1800 1033 1866 additum
1050 1817 1117 1865 esse

42 1921 69 1966 a
88 1903 225 1970 librariis
247 1907 402 1989 probabile
425 1911 473 1973 est
495 1927 593 1991 neque
615 1907 733 1974 laounae
753 1909 851 1973 ullum
869 1906 1019 1973 iudicium
1045 1923 1116 1970 seu·

51 2011 145 2076 tentia
165 2012 250 2089 facit,
274 2014 468 2079 scribendum
491 2015 626 2080 videtur:
650 2017 703 2080 καὶ
727 2016 836 2081 ταῦτα
860 2008 905 2087 or‘o
926 2007 948 2078 αἶ
956 2037 1078 2079 πενει
1086 2032 1117 2097 χ·

52 2120 186 2202 θῆναι
209 2112 279 2184 dno
304 2114 436 2199 τούτου,
466 2131 500 2187 ut
530 2120 713 2198 Herodotus,
746 2121 883 2186 oratione
904 2120 936 2184 in
960 2118 1118 2201 obliquam

53 2222 180 2291 formam
198 2245 234 2292 ex
248 2230 332 2292 rooba
347 2228 449 2294 subito
465 2229 607 2293 traducta
618 2227 783 2306 (doniam),
806 2227 900 2291 etiam
914 2223 1117 2308 temporalem

53 2333 237 2397 sententiam
259 2351 314 2398 suo
336 2352 421 2398 more
449 2331 572 2398 infinita
601 2335 698 2399 torma
730 2332 875 2399 extulerit
901 2334 994 2416 (synt.
1018 2331 1116 2397 Graec.

52 2443 69 2513 ἓ
91 2438 152 2502 169
173 2440 217 2512 b).

151 2581 229 2646 ibid.
247 2579 307 2642 129
330 2581 381 2657 (de
403 2580 497 2646 Dario
520 2580 616 2645 oreris
637 2579 795 2646 laxatione
812 2578 992 2656 laboranti):
1016 2579 1057 2666 τῇ
1081 2578 1115 2644 δὲ

53 2680 93 2769 δή
116 2680 223 2777 ὀγδόῃ
244 2681 356 2774 ἡμέρῃ
378 2687 488 2774 ἔχοντα’
509 2693 543 2753 οἱ
566 2680 734 2772 φλαύρως,
757 2683 810 2753 οἶα
834 2681 876 2770 δή
898 2681 1118 2770 παρακούσας

54 2816 101 2865 τις
122 2788 292 2879 πρότερον
314 2801 361 2861 ἔτι
385 2801 421 2860 ἐν
444 2789 583 2879 Σύρύισι
606 2796 668 2860 τού
691 2789 935 2879 Κροτωνιήτεω
958 2787 1117 2880 Δημοκή-

54 2899 126 2976 δεος
148 2897 212 2984 τήν
234 2906 354 2987 τέχνην
376 2895 529 2989 α’γγέλλει
552 2902 597 2987 τῷ
621 2903 761 2987 Δαρείῳ.
795 2899 883 2980 Quod
907 2895 1117 2986 παρακούειν

56 3012 194 3072 enarrant
215 3009 313 3073 obiter
335 3012 367 3072 et
390 3008 493 3074 minus
516 3007 681 3092 diligenter
696 3007 810 3082 audire,
826 3027 926 3090 neque
941 3008 1005 3074 haeo
1020 3008 1117 3091 sigui·

54 3110 154 3179 ficatio
178 3114 390 3196 praepositione
417 3109 509 3198 παρύ
533 3115 613 3180 effici
628 3115 739 3196 potest,
760 3133 858 3198 neque
872 3113 936 3178 ulle
952 3118 999 3180 est
1013 3133 1115 3194 eausa,

54 3235 103 3282 our
135 3219 187 3290 bio
219 3221 319 3286 minor
348 3221 509 3306 diligentia
530 3220 729 3305 significetur.
784 3220 899 3302 Opinon
922 3219 1114 3286 Herodotum

55 3323 208 3406 scripsisse
231 3320 508 3412 προακούσας
531 3353 582 3399 τις
604 3319 782 3412 πρότερον,
805 3326 1013 3410 geminatione
1036 3327 1117 3410 apud

53 3445 117 3493 eum
140 3430 268 3501 minimo
289 3434 473 3517 infrequenti
496 3427 729 3520 (προακούσας
745 3470 781 3482 -
799 3427 990 3520 πρότερον).

148 3572 203 3642 ΙΙΙ.
226 3571 262 3642 6:
296 3569 449 3662 σύμπασι
483 3575 518 3642 δὲ
550 3573 638 3641 εἶναι
671 3571 805 3658 οὕνομα
828 3568 1030 3652 Σκολότους,
1053 3576 1115 3644 τοτ’

49 3679 205 3760 βασιλέος
238 3683 447 3770 ἐπωνυμίην·
481 3669 624 3756 Σκύθας
655 3681 689 3748 δὲ
716 3677 886 3769 Ἕλληνες
921 3676 1115 3768 ὠνόμασαν.

148 3903 297 3966 indicatam
315 3910 432 3974 utroquo
455 3904 515 3959 loeo
539 3903 713 3959 scribendum
731 3919 793 3959 esse
813 3900 876 3973 ὅτι,
901 3905 955 3959 dixi
973 3903 1002 3959 in
1021 3904 1114 3960 libello

148 3995 244 4066 paucis
263 4003 338 4065 netc,
366 3997 413 4065 qui
440 3997 611 4052 inscribitur:
644 3999 827 4065 Bemerbunyen
850 4001 905 4051 dibeo·
929 4001 1005 4065 αιὀἰρε
1023 4001 1115 4051 Puncta

148 4089 193 4141 der
208 4091 370 4157 prieetioebea
394 4091 629 4160 Wortliipuaqeledre
647 4089 739 4161 (1848)
756 4107 783 4160 p.
803 4090 846 4144 le.
