2728 4582
272 249 312 312 Ἠ
643 250 885 321 MLQH

222 438 280 552 ,οζόγ
279 470 367 512 reem
391 447 520 530 exprimi
543 450 701 530 poterate
686 447 903 514 etdioendum
918 466 968 512 era
970 441 1302 554 λύναγαασθέντεςς

229 571 328 636 neque
350 552 413 617 nilo
436 555 526 619 modo
547 552 704 635 probabile
727 556 815 619 esta
834 555 955 639 tyranni
970 545 1165 638 procumbere
1182 553 1304 618 'l'aran-
1358 621 1359 630 ,

231 659 304 724 tinis
337 658 443 726 liberis
475 659 621 726 auxilium
644 660 842 726 summissum
870 678 938 726 esse
967 661 1084 726 offensa
1108 678 1224 736 eorum,
1248 658 1306 742 qui
1358 645 1359 748 λ

226 769 359 849 tyranno
382 767 532 848 parerent,
554 765 722 834 voluntate.
750 751 914 851 Repugnat
936 767 1039 841 etiam,
1062 764 1143 849 quod
1165 765 1304 840 additur,
1357 765 1359 808 i

232 864 439 956 α’πιιιύγιενοι
474 873 625 958 τιγιιοροί,
655 872 736 954 quod
766 873 803 939 de
832 873 1033 940 auxiliaribus
1062 891 1117 938 sua
1138 872 1304 936 voluntate

224 978 383 1057 adductis,
408 998 469 1045 non
486 980 523 1044 de
538 978 693 1044 militibus
708 979 837 1061 imperio
852 980 974 1064 tyranni
989 997 1070 1062 aegre
1085 975 1305 1042 obedientibus

232 1088 302 1166 apte
325 1085 445 1150 dieitur.
495 1085 693 1171 significatur
707 1086 854 1151 nimirum
871 1104 919 1150 res
934 1085 967 1150 in
983 1082 1162 1150 civitatibus
1183 1082 1304 1150 erasis
1357 1099 1360 1162 ζ

196 1213 197 1220 “
232 1190 476 1273 frequentissimi
499 1190 640 1273 exempli,
663 1192 920 1273 partemeivinm
945 1191 1154 1276 Rheginornm
1178 1189 1307 1271 propter

210 1287 426 1380 styrannidern
460 1296 579 1362 exsules
612 1303 740 1381 vagatos
774 1318 840 1364 esse
862 1317 973 1382 eosque
995 1315 1029 1362 se
1050 1295 1225 1362 Tarentinis
1247 1314 1307 1360 sno

233 1404 363 1469 oonsilio
386 1404 570 1470 adiunxisse
621 1405 728 1487 itaque
751 1412 804 1470 aut
791 1404 973 1470 texoidisee
996 1396 1174 1528 φεύγειν
1195 1401 1308 1484 opinor
1360 1451 1361 1460 ι

225 1507 386 1597 (φεύγειν
401 1503 685 1597 αναγκαζογιενοι
702 1511 978 1576 subscribendum·
1001 1516 1036 1577 οι
1048 1501 1308 1576 vuarmatiam}
1356 1513 1360 1577 i

235 1617 295 1683 τού
317 1617 453 1702 Χοίρου
482 1610 806 1708 α’ναχαζύγιενοι
837 1618 903 1684 τῶν
926 1610 1048 1694 α’στών,
1081 1617 1173 1699 paulo
1197 1615 1307 1680 durius
1356 1614 1360 1623 '

236 1723 336 1804 posito
375 1716 444 1790 ύπό
482 1725 561 1805 apud
599 1725 727 1789 verbnm
764 1723 1004 1797 intransitivum,
1041 1722 1307 1806 quemadmodum

236 1829 349 1894 dieitur
369 1825 508 1918 φεύγειν
523 1824 592 1896 ύπό
608 1853 710 1900 τινος.
733 1831 807 1910 (Ριο
823 1826 911 1896 ούτιο
929 1828 1088 1914 Pingelius
1104 1820 1360 1911 probabiliter
1355 1857 1360 1899 ,³

148 1989 150 1998 ι
234 1921 353 2014 οὗτοι.)

334 2043 409 2108 ibid.
434 2043 510 2107 180:
541 2045 595 2108 καλ
630 2050 746 2109 ἔπειτα
780 2042 848 2108 τῶν
882 2047 1071 2129 ἐπιβατέων
1104 2035 1210 2126 αὐτῆς
1242 2035 1337 2107 τόν

121 2239 126 2246 ¹
237 2147 497 2216 καλλιστεύοντα
538 2143 726 2236 α’γαγόντες
770 2153 824 2218 ἐπὶ
861 2151 923 2235 τῆς
956 2146 1092 2236 πρώρας
1128 2148 1190 2234 τῆς
1227 2142 1361 2250 νεύς

236 2262 395 2341 ἔσφαξαν,
419 2256 584 2333 διαύεξιον
606 2252 806 2343 ποιεύμενοι
835 2253 897 2324 τόν
925 2254 1016 2323 εἷλον
1038 2257 1106 2322 τών
1126 2215 1361 2340 Ἑλλήνων
1360 2329 1361 2346 γ

235 2364 373 2447 πρῶτον
397 2364 451 2431 καὶ
475 2358 556 2430 κύλλ
560 2389 665 2430 ισταν.
717 2364 825 2448 Neque
855 2363 928 2429 alibi
957 2365 1108 2445 reperitur
1131 2355 1308 2438 διαύέξιος,

235 2489 335 2553 neque
356 2470 586 2566 idsignifioare
607 2472 719 2553 potest,
753 2471 834 2552 qnod
863 2471 980 2547 volunt,
1007 2469 1114 2539 „vaide
1135 2471 1308 2540 faustum“.

235 2595 335 2658 neque
369 2577 475 2652 δὲξιον
509 2577 690 2642 ποιεῖσθαί
722 2602 799 2642 τινα
832 2596 886 2658 par
921 2595 954 2642 se
990 2576 1176 2659 significare.
1201 2577 1311 2656 potest

231 2683 350 2746 bonum
381 2701 470 2747 omen
501 2701 536 2747 ex
566 2684 669 2765 aliquo
698 2685 831 2764 captare.
881 2682 918 2747 Io
940 2683 1055 2748 litteris
1090 2682 1145 2749 δια
1177 2683 1310 2747 subesse

236 2790 312 2870 puto
343 2788 510 2872 vestigium
545 2789 685 2853 vocabuli
717 2791 877 2855 sententiae
907 2789 1093 2854 necessarii:
1143 2793 1308 2876 ἔσφαξαν,
1362 2853 1363 2862 ,

231 2889 397 2978 ὄρνιθα
433 2895 539 2972 δέξιον
572 2892 774 2980 ποιεύμενοι
808 2895 870 2962 τόν
902 2894 994 2963 εἷλον
1025 2897 1093 2962 τῶν
1125 2888 1308 3044 Ἑλλήνων

236 3001 372 3087 πρῶτον
395 3004 449 3070 καλ
473 2998 667 3068 κάλλιστον.

336 3107 414 3178 ibid
439 3110 514 3175 191.
544 3101 673 3195 ἡμέρας
693 3103 758 3196 γύρ
782 3103 824 3194 66
857 3115 936 3196 ἐχειγ
916 3109 1124 3194 ἰαζετρεῑς
1153 3110 1250 3183 τέλος
1273 3110 1311 3175 δὲ

138 3258 141 3267 ·
237 3207 364 3298 ἕντογού
388 3241 424 3281 τε
454 3217 634 3290 ποιεύντες
662 3219 716 3282 καὶ
748 3216 985 3292 καταείδοντες
1011 3210 1110 3304 γόησι
1133 3220 1166 3282 ολ
1187 3208 1310 3303 Mor'ynr

237 3321 282 3406 τῷ
313 3313 426 3408 οἷνὲγιῳ
462 3371 501 3390 ..
527 3370 566 3388 ..
601 3331 755 3391 ἔπαυσαν
787 3326 830 3413 τῇ
863 3317 1008 3414 τετάρτῃ
1040 3317 1150 3413 ἡμέρῃ
1172 3349 1201 3390 κ.
1225 3349 1254 3395 τ,
1278 3326 1308 3390 λ.

239 3429 387 3494 Mendum
412 3448 480 3496 esse
501 3431 534 3495 in
557 3421 654 3516 γόησι
676 3432 760 3498 reete
782 3434 820 3499 ab
843 3431 912 3498 aliis
933 3433 1126 3498 intellectum
1150 3434 1212 3505 est;
1234 3449 1310 3495 nam

161 3616 166 3629 x
234 3554 337 3618 neque
369 3535 492 3602 dativus
524 3535 724 3602 instrumenti
754 3537 793 3604 de
822 3539 959 3622 personis
980 3538 1037 3603 hoo
1058 3537 1123 3604 looo
1146 3536 1220 3602 ferri
1245 3537 1310 3600 ullo

237 3640 330 3707 modo
352 3644 465 3724 potest,
489 3661 587 3725 neque
608 3637 709 3730 γόησι
739 3645 809 3711 aliis
839 3645 926 3728 Magi
946 3630 1123 3723 utebantur,
1144 3643 1204 3725 ipsi
1226 3668 1310 3730 γοιγ-

238 3739 405 3827 τεύοντες,
428 3767 527 3832 neque
549 3752 671 3816 omnino
698 3751 769 3816 aliis
796 3750 972 3816 hominibus
1007 3751 1120 3831 praeter
1140 3748 1252 3834 Magos
1275 3749 1309 3815 in

238 3855 422 3921 incantando
445 3857 531 3923 loeus
555 3858 629 3922 erat.
663 3858 733 3924 Una
747 3857 862 3924 .litiera
883 3857 1005 3922 mutata
1026 3855 1222 3923 scribendum
1245 3857 1309 3920 est:

236 3962 475 4040 καταείδοντες
505 3964 639 4051 βαῂσι
670 3969 703 4030 αἱ
726 3957 840 4051 Μύγοι
864 3964 909 4052 τῷ
932 3956 1055 4052 οἷνὲγιῳ.
1112 3960 1308 4028 clamoribus

234 4069 272 4132 et
293 4069 510 4136 eiulationibus
531 4074 658 4137 ventum
680 4070 891 4152 placaverunt.
