2740 4572
543 235 664 291 Tacitus.
1037 237 1096 299 227

57 447 139 512 que
177 431 346 498 Dianam
384 434 455 498 aut
488 432 720 516 Apollinem
757 434 987 500 venerandi.
1044 433 1144 500 Paulo

57 536 187 614 durius,
209 537 264 602 sed
285 555 412 619 prorsus
434 557 450 604 e
472 537 574 605 Taciti
596 556 680 604 more
708 540 932 606 venerandi
962 539 1145 626 adiungitur

5 723 6 734 1
57 642 101 707 ad
126 661 287 722 nomeu;
309 643 401 711 alteri
423 664 536 712 nomeu
563 644 697 710 Dianam
726 644 900 724 venerandi,
928 646 1020 712 alteri
1043 648 1143 730 Apol·

5 735 6 786 i
57 750 163 814 linem
185 747 365 833 sequuntur.

170 856 249 921 ibid.
273 855 328 934 IV,
350 856 409 920 33:
442 855 537 922 Nam
559 859 727 923 cunctas
749 855 939 922 notiones
960 860 1001 924 et
1021 859 1142 925 urbes

5 957 6 1016 ῗ
58 962 240 1046 populus
272 962 342 1026 aut
373 961 574 1044 primores
606 965 674 1028 aut
707 961 864 1046 singuli
886 965 1047 1047 reguut3
1070 962 1143 1030 de-

5 1049 7 1134 ?
61 1071 178 1134 lecta
212 1086 255 1133 er
288 1066 340 1132 iis
373 1068 412 1132 et
449 1069 684 1136 consociata
720 1070 779 1134 rei
809 1068 982 1152 publica
1014 1068 1144 1136 formu

5 1231 6 1264 ἑ
61 1174 233 1240 laudari
265 1172 434 1240 facilius
469 1194 584 1257 quam
615 1175 796 1250 evenire,
830 1173 892 1239 vel
925 1174 958 1240 si
988 1176 1143 1256 evenit,

5 1269 7 1412 ι
61 1279 175 1346 haud
208 1279 405 1360 diuturna
438 1299 526 1346 esse
559 1285 704 1364 potest.
756 1283 871 1364 Aperte
898 1281 1034 1346 interes
1056 1300 1143 1348 com·

5 1415 6 1436 r
64 1388 219 1471 parantur
249 1403 284 1450 ex
312 1384 412 1450 altera
440 1390 527 1469 parte
556 1386 682 1474 optimae
709 1385 754 1451 rei
782 1383 913 1466 pnbticae
935 1387 1082 1464 laudatio,
1105 1405 1142 1452 ex

5 1497 7 1596 t
63 1494 168 1559 altera
191 1510 299 1574 reapse
321 1491 443 1558 effectio
465 1496 497 1559 et
518 1491 719 1559 conservatio.
770 1491 881 1574 Itaque
904 1511 965 1558 uua
987 1491 1145 1559 sententia

5 1601 7 1712 Ι
65 1600 157 1665 aiens
179 1597 247 1663 haeo
268 1598 332 1662 est:
356 1616 469 1681 quam
498 1597 663 1664 evenire
693 1596 771 1675 vel,
804 1598 838 1662 si
868 1597 1021 1678 evenit,
1051 1598 1144 1664 diu·

63 1709 190 1770 turne
213 1721 300 1770 esse
322 1707 468 1788 potest.
512 1704 619 1787 Neque
641 1702 700 1769 hoo
721 1701 853 1770 alterum
876 1705 914 1768 de
936 1703 1142 1771 diuturnitate

5 1777 7 1878 d
66 1809 261 1892 exceptionis
290 1811 356 1876 loeo
378 1810 519 1894 negando
542 1808 668 1893 adiungi
691 1809 883 1876 demonstrat
904 1812 936 1875 et
958 1811 1021 1876 vel
1041 1811 1142 1895 parti·

65 1917 140 1983 cula
164 1922 197 1981 et
218 1915 412 1999 apertissime
434 1916 535 1981 omnis
563 1917 718 1981 sententis
745 1934 807 1981 uuo
836 1917 928 1982 verbo
951 1920 1089 2001 potest
1109 1919 1143 1982 in

67 2025 243 2088 extremum
280 2021 382 2087 locum
418 2021 536 2087 reiecto·
566 2021 719 2088 conclusa.
777 2023 910 2107 Negatio
942 2021 1064 2090 adiecta
1096 2027 1146 2090 est

67 2127 220 2194 orationis
240 2128 339 2193 forma
361 2147 419 2192 nou
441 2128 609 2192 intellecta.

172 2245 253 2312 Ibid.
287 2246 447 2328 deinceps:
478 2244 613 2329 Igitur
645 2251 686 2308 ut
719 2246 813 2310 olim
846 2246 965 2328 plebe
988 2246 1142 2326 valida,

70 2355 134 2418 vel
170 2371 255 2418 eum
288 2353 427 2434 patres
460 2351 682 2434 pollerent,
709 2352 910 2416 noscenda
932 2351 1045 2433 vulgi
1069 2371 1140 2416 ua-

69 2461 162 2523 tura
186 2503 329 2535 ......
352 2458 602 2539 senatusque
624 2458 663 2522 et
685 2457 945 2539 optimatium
977 2458 1140 2543 ingania

71 2564 140 2646 qui
163 2564 330 2629 manime
352 2562 675 2647 perdidicerant,
699 2563 842 2628 callidi
865 2565 1087 2647 temporum
1109 2610 1142 2626 ..

72 2671 362 2746 credebantur,
393 2671 452 2734 sie
478 2686 671 2735 conuerso
693 2671 805 2735 statu
826 2688 954 2753 neque
976 2669 1057 2735 alia
1077 2688 1142 2735 re·

72 2797 173 2855 rum,
214 2794 326 2860 quam
363 2777 395 2840 si
432 2795 530 2840 uuus
566 2776 796 2860 imperitet,
840 2776 921 2842 hec
956 2774 1143 2862 conquiri

73 2882 268 2967 tradique
289 2881 329 2947 iu
351 2901 431 2948 rem
453 2882 582 2949 fuerit
602 2882 661 2947 cet
706 2881 757 2948 Sic
779 2883 873 2949 coder
896 2873 1054 2949 Mediceus
1076 2882 1141 2947 haee

72 2991 230 3070 postrema
245 2994 383 3072 corrupte
398 2988 513 3072 scripte
527 2988 631 3067 habet,
653 2987 685 3052 in
702 2990 813 3071 quibus
829 2989 902 3073 quin
918 2989 1042 3072 Lipsius
1059 2990 1143 3055 recte

73 3113 127 3176 pro
149 3113 279 3161 rerum
302 3095 475 3161 restitnerit
496 3113 535 3159 re
561 3095 750 3173 Romana,
773 3114 873 3178 neque
894 3097 957 3160 fere
980 3095 1142 3178 quisquam

74 3200 230 3268 dubitavit
251 3220 351 3284 neque
373 3201 508 3266 dubitari
531 3203 641 3283 potest.
698 3199 876 3266 Desiderari
898 3202 1001 3266 tamen
1024 3200 1143 3283 aliquid

74 3308 113 3372 ad
136 3306 298 3372 sententiae
320 3313 351 3373 et
372 3307 516 3373 orationis
538 3305 749 3391 integritatem
766 3306 964 3371 manifestum
983 3310 1046 3380 est;
1069 3324 1142 3369 uam

75 3432 174 3496 neque
207 3413 316 3478 Latine
349 3414 477 3479 dicitur:
519 3411 601 3476 Non
639 3412 721 3476 aliu
757 3415 818 3477 est
853 3428 916 3475 res
951 3410 1142 3489 Romana,

76 3538 190 3603 quam
226 3521 259 3584 si
296 3539 397 3586 unus
431 3518 645 3602 imperitet
677 3537 731 3601 pro
765 3536 809 3595 eo,
842 3516 924 3600 quod
957 3518 1021 3582 est:
1059 3515 1143 3582 Nou

76 3626 198 3691 aliter
231 3629 339 3690 stare
372 3626 526 3709 potest,
557 3642 669 3708 quam
696 3625 729 3690 si
753 3661 802 3700 -,
824 3640 924 3706 neque
945 3625 1026 3688 recte
1048 3623 1143 3688 hebet

76 3733 140 3798 haec
162 3731 290 3797 ablativi
312 3732 446 3797 absoluti
467 3732 585 3798 forma:
611 3749 685 3797 uon
715 3730 798 3795 alia
817 3748 856 3794 re
877 3729 1052 3795 Romanu
1073 3731 1141 3804 cet,

77 3859 141 3922 quse
164 3840 190 3904 si
212 3857 286 3906 sana
307 3840 398 3913 esset,
429 3857 487 3903 uon
517 3836 656 3902 condicio
684 3835 909 3920 significaretur
929 3836 975 3901 rei
998 3837 1143 3901 Romane

77 3943 252 4019 retinendae,
278 3944 332 4008 sed
355 3963 422 4009 eam
446 3942 576 4010 eandem
598 3942 709 4008 habere
731 3943 806 4020 vim,
828 3959 863 4006 ac
883 3941 910 4006 si
927 3960 1004 4007 uuus
1017 3939 1141 4021 imperi·

77 4051 164 4115 taret.
200 4049 321 4116 Excidit
341 4050 458 4134 aliquid
473 4056 544 4116 ente
567 4069 606 4115 re
628 4051 801 4114 Romana
822 4050 947 4132 propter
968 4047 1141 4112 litterarum

889 4161 942 4217 15*
