2740 4572
246 224 307 288 252
605 225 667 280 Lib.
684 225 720 279 11.
740 224 806 295 Cap.
825 224 871 279 Vl.

206 421 352 487 deinde
376 421 484 488 leves
505 423 750 499 armaturas,
777 425 870 505 post
896 420 1148 487 iaculatores
1169 419 1292 484 ulti·

206 546 367 611 masque
404 526 657 593 subsidiales
693 526 818 605 acies,
866 527 900 593 si
942 528 1027 593 fors
1069 526 1291 611 adegerit,

206 635 437 710 iuraturas,
460 634 519 700 ita
548 633 784 716 prepositis
804 635 964 700 urbanae
994 634 1165 700 familiae
1186 651 1292 698 sus-

206 757 338 823 pensae
374 739 661 824 digerentibus
697 739 903 815 sollicite,
950 741 1047 825 quos
1089 740 1288 823 insignes

208 847 365 912 iaciunt
403 847 525 930 virgae
559 846 741 912 dexteris
777 850 941 931 aptata,
971 847 1086 912 velut
1118 851 1291 910 tessera

209 954 302 1019 duta
344 950 547 1017 castrensi
591 952 702 1016 iuxta
737 951 918 1018 vehiculi
953 953 1128 1019 frontem
1165 969 1292 1016 omne

208 1057 429 1124 textrinum
460 1058 621 1123 incedit
647 1062 705 1122 cet.
756 1057 834 1123 Cum
864 1057 999 1124 exercitu
1020 1060 1170 1125 instructo
1192 1075 1290 1122 com-

209 1169 334 1246 paratur
349 1159 512 1229 servitium
527 1165 675 1238 urbanum
692 1166 863 1248 generatim
877 1164 1061 1248 dispositum
1076 1166 1108 1230 et
1121 1163 1288 1230 incedens.

210 1272 414 1352 Suspenso
435 1269 556 1336 familia
578 1290 632 1336 cur
653 1270 835 1354 appelletur,
855 1290 914 1337 uon
936 1271 1132 1356 intelligitur.
1176 1270 1291 1334 hieni-

211 1378 327 1442 festum
341 1379 388 1441 est
403 1375 570 1441 desiderari
581 1375 850 1460 significationem,
866 1377 941 1462 quid
955 1378 1099 1462 digerant
1112 1373 1289 1459 praepositi.

212 1481 429 1548 Scribendum:
467 1483 525 1547 ita
560 1482 795 1565 praepositis
828 1485 986 1550 urbanae
1019 1481 1185 1550 familiae
1222 1499 1291 1549 auu

210 1607 313 1674 pensa
335 1587 623 1673 digerentibus
645 1589 842 1655 sollicite.
1102 1604 1105 1609 ·

313 1718 392 1783 Ibid.
416 1719 445 1796 7,
466 1719 501 1783 5:
521 1718 667 1788 Gallus
689 1765 855 1782 ......
877 1717 1131 1786 consularem
1155 1715 1286 1801 Syriae

214 1822 485 1905 Theophilum
513 1842 636 1907 prope
665 1828 868 1892 astantem
901 1825 1048 1890 ultima
1080 1822 1288 1889 metuenti
1355 1903 1356 1906 Ἴ

213 1926 476 1994 multitudini
497 1929 613 1995 dedit
634 1930 743 2008 (codex
767 1932 934 1998 Vaticanus
956 1929 1103 2008 dediti)
1125 1927 1288 1995 assidue
1355 1991 1356 2008 p

215 2034 470 2117 replicando,
500 2038 599 2120 quod
631 2037 763 2103 invito
796 2043 955 2104 rectore
991 2036 1131 2103 nullus
1164 2055 1290 2120 egere
1355 2071 1356 2080 κ

214 2142 370 2223 poterit
391 2141 511 2208 victu.
547 2142 748 2209 scribendum
765 2145 884 2210 videtur
896 2141 1021 2210 dedidit
1032 2144 1082 2220 (ut
1096 2141 1287 2226 supplicium
1355 2201 1356 2204 ,

216 2246 254 2311 dc
277 2267 312 2313 eo
335 2254 473 2314 sumeret
494 2250 670 2329 multitudo,
694 2253 728 2314 ut
749 2249 1017 2333 ostenduntque
1040 2248 1234 2333 sequuntur).

315 2389 394 2454 Ibid.
419 2390 468 2468 10,
494 2390 531 2452 12
554 2391 596 2467 (in
619 2391 757 2469 oratione
772 2389 944 2457 Constantii
963 2388 1187 2473 imperatorislr
1209 2389 1289 2455 Pro

217 2512 286 2560 suo
309 2496 411 2560 enim
434 2483 521 2563 loco
544 2501 583 2563 ct
604 2497 734 2564 animo
761 2498 932 2580 quisque
963 2499 1140 2563 vestrum
1162 2515 1288 2578 repu-

214 2602 306 2665 tans
327 2601 368 2666 id
390 2604 574 2670 inveniet
594 2622 745 2682 rerum,
765 2602 865 2687 quod
881 2589 997 2669 milas
1013 2603 1161 2686 ubique
1177 2621 1288 2667 ...se
1355 2671 1356 2676 ,

216 2709 343 2773 solum
366 2711 573 2792 vitamque
603 2711 805 2794 propriam
832 2709 1118 2793 circumspicit
1147 2714 1187 2773 et
1212 2707 1286 2772 de·

218 2812 366 2890 tendit,
401 2815 621 2896 imperator
653 2834 746 2881 vero
778 2814 1011 2881 officiorum
1045 2815 1131 2879 dum
1165 2813 1284 2897 equis

219 2919 403 2984 omnibus
427 2919 573 2987 alienae
600 2924 738 2987 custos
760 2922 910 2987 salutis
933 2921 1037 2986 nihil
1060 2941 1133 2986 non
1155 2920 1202 2985 ed
1225 2921 1287 2986 sui

218 3026 404 3108 spectare
425 3027 603 3102 tutelam
621 3027 727 3093 ratio
751 3073 857 3094 .....
880 3029 1008 3104 (lacuna
1029 3029 1069 3092 25
1095 3026 1284 3104 litterarum)

212 3134 256 3217 ,et
280 3132 457 3199 remedia
478 3139 638 3209 cuncto,
667 3153 750 3219 quae
778 3138 913 3200 status
937 3133 1192 3217 negotiorum
1213 3133 1285 3198 ud·

218 3306 451 3314 -1-———.-..-

318 3408 393 3462 nulla
419 3405 620 3476 interpolarunt
646 3403 732 3474 magis
761 3419 842 3472 quum
870 3401 1059 3470 emendarunt,
1085 3407 1181 3456 nostra
1202 3407 1287 3456 aetate

210 3533 226 3576 g
243 3550 249 3562 ,,
320 3499 442 3556 codicum
459 3499 719 3567 manuscriptorum
737 3495 858 3555 subsidia
877 3495 986 3566 egregia
1004 3495 1104 3565 pa'ratu
1121 3495 1193 3562 sunt,
1210 3493 1286 3548 Vati·

175 3644 178 3652 .
270 3645 272 3650 .
308 3595 379 3649 cani
409 3595 524 3650 maxime
558 3600 587 3649 et
618 3592 735 3658 Petrini;
767 3589 949 3646 subsidiorum
975 3579 1165 3657 proestantiam
1190 3601 1287 3656 purum

320 3694 464 3755 aequarunt
482 3687 617 3742 editorum
630 3686 770 3756 ingenium
789 3691 817 3739 et
833 3683 961 3738 iudicium
973 3680 1159 3749 orationisque
1170 3678 1286 3748 turgidae

322 3786 350 3835 et
365 3779 442 3847 mire,
462 3780 511 3835 sed
530 3796 590 3835 cum
614 3781 705 3849 adque
727 3777 834 3834 artificii
857 3775 1012 3832 constantia
1034 3777 1167 3829 contortae
1189 3772 1286 3827 intelli·
1355 3795 1356 3798 ¹

321 3873 421 3943 gentio,
449 3873 547 3941 quibus
574 3889 643 3942 opus
671 3877 731 3927 erat
758 3871 794 3925 ad
818 3869 940 3924 eruenda
958 3871 1000 3937 ca‚'
1018 3871 1080 3936 quae
1097 3866 1218 3920 laterent
1235 3865 1285 3920 sub

291 3989 294 3994 Δ
310 3969 472 4022 litterarum
490 3964 623 4033 'vestigiis
651 3965 717 4019 satis
745 3963 896 4030 tenacibus,
918 3963 970 4018 nisi
990 3960 1038 4016 ubi
1057 3958 1143 4014 errori
1162 3956 1289 4012 adiuncta

323 4065 365 4114 cst
383 4057 499 4112 omissio.
578 4057 582 4064 '
633 4056 638 4061 “
988 4055 991 4065 “
1139 4053 1144 4064 ’
