2712 4576
341 259 480 316 Ciceronis
499 261 532 315 de
551 267 660 317 oratore
679 259 728 314 lib.
747 261 797 316 111.
1023 261 1063 324 93

32 459 124 523 tionis
160 458 282 524 mentio
315 477 439 541 prorsus
472 459 545 524 hinc
575 459 676 524 aliene
707 461 740 523 et
771 458 876 542 inepto
899 459 956 536 est,
979 456 1044 524 sire
1067 459 1104 523 ad

34 585 78 630 res
100 585 120 630 a
142 565 337 648 philosophis
359 565 501 630 inventas
522 565 719 646 participium
742 562 972 630 exercitata
993 566 1105 630 referas

33 671 244 749 {nominativo
278 678 362 749 casu)
395 674 459 737 sive
492 671 531 736 ad
564 670 743 736 orationem.
812 670 915 738 Cicero
947 671 1105 755 scripsisse

32 779 176 844 uidetur:
210 796 335 861 eaque
364 778 510 844 excitata
536 777 608 856 (hoc
635 779 692 855 est,
715 778 837 843 inventa
858 777 891 843 et
910 778 1035 844 uberius
1059 797 1106 844 er·
1135 772 1139 780 ’

34 887 163 960 structa,
187 882 324 966 imagine
346 884 385 948 ab
407 883 535 950 edificio
553 882 658 962 dueta)
680 884 864 949 oratione
885 883 1105 964 poliuntur.

33 991 164 1069 Deinde,
203 989 258 1056 ubi
290 989 322 1053 in
355 989 509 1056 codicibus
542 989 701 1056 scribiturr
739 991 810 1056 Hic
850 991 988 1054 noster
1020 988 1107 1054 vnl-

34 1099 144 1181 garis
169 1100 306 1163 orator
328 1141 336 1159 .
359 1141 366 1160 .
389 1144 397 1159 .
421 1145 428 1160 .
452 1097 556 1162 istos
584 1096 745 1180 quidem
775 1099 937 1162 nostros
964 1095 1104 1160 verbe·

34 1205 142 1269 rabit
166 1221 293 1287 neque
315 1219 355 1266 se
377 1203 422 1268 ab
445 1203 498 1267 iis
521 1202 723 1269 contemni
746 1221 787 1268 ac
808 1201 1105 1285 despicisinet,

33 1309 125 1374 nimis
150 1310 243 1374 facile
265 1328 297 1375 se
319 1308 499 1390 expediunt,
522 1311 575 1393 qni
597 1311 759 1375 nostros
781 1307 962 1393 simpliciter
982 1304 1105 1380 tollunt,

34 1416 112 1498 quod
135 1434 231 1480 nemo
254 1414 415 1481 additurus
438 1417 514 1480 erat.
565 1415 765 1482 Scribendum
787 1421 868 1481 erat:
891 1416 995 1480 istos
1018 1412 1106 1496 qui·

35 1525 116 1586 dem
156 1523 283 1589 vostros
316 1522 567 1601 verberabit,
605 1522 865 1606 quemadmodum
904 1520 995 1604 paulo
1028 1519 1107 1583 intra

33 1629 184 1694 scribitur·
218 1629 402 1694 Coracem
435 1629 557 1694 istum
591 1634 779 1697 vestrum.
831 1628 882 1694 Sic
903 1628 964 1692 duo
988 1626 1106 1692 codices

34 1735 113 1816 apud
139 1732 345 1812 Orellium.*)

136 1853 220 1918 ibid.
242 1851 300 1916 88:
324 1853 442 1918 Libet
463 1853 594 1919 autem
618 1873 773 1936 semper
804 1853 979 1929 discere,
1010 1852 1053 1916 ut
1073 1851 1108 1916 si

34 1958 163 2023 velim
196 1977 267 2042 ego
295 1959 397 2024 talis
426 1960 577 2042 optime
606 1959 746 2024 ludere
768 1962 836 2025 aut
858 1959 949 2042 pilae
971 1957 1108 2023 studio

36 2071 194 2140 tenear,
219 2065 339 2130 etiam
363 2064 557 2144 fortasse,
585 2069 618 2132 si
648 2067 812 2149 assequi
844 2084 917 2130 non
938 2064 1108 2147 possim3

34 2174 72 2235 at
110 2170 209 2249 alii,
246 2172 339 2254 qnia
374 2173 565 2254 preclare
603 2172 776 2250 iaciunt,
811 2171 1107 2246 vehementius,

36 2297 153 2359 quam
187 2296 309 2345 causa
339 2278 541 2360 postulat,
582 2279 857 2351 delectantur,
896 2279 939 2341 nt
971 2275 1107 2340 Titius

35 2384 139 2469 pila,
175 2384 316 2450 Brulla
348 2383 458 2450 talis.
506 2384 585 2450 Mire
615 2384 750 2468 generali
779 2382 817 2447 de
846 2381 949 2446 studio
970 2379 1108 2446 discendi

36 2491 205 2556 sententiae
234 2490 413 2575 adiungitur
443 2490 614 2574 exemplum
645 2492 754 2557 fictum
783 2490 821 2555 de
842 2487 909 2571 ipso
931 2486 1040 2553 Crasso
1063 2487 1107 2552 sic

36 2596 175 2662 adiectis
208 2595 270 2662 illis
304 2598 426 2662 etiam
459 2597 652 2674 fortasse,
683 2597 717 2663 si
739 2596 902 2679 assequi
924 2614 996 2660 non
1019 2611 1108 2676 pos-

35 2704 130 2779 sim,
155 2704 191 2768 ut
212 2702 354 2768 videatur
378 2703 547 2784 exemplum
571 2703 724 2786 portinere
739 2703 778 2768 ad
793 2701 995 2767 inutilitatem
1012 2699 1107 2766 studii

41 2810 183 2876 discendi
221 2808 500 2876 demonstrandam.
554 2809 661 2894 Neque
693 2812 793 2894 magis
823 2808 1016 2891 intelligitur,
1050 2824 1109 2889 quo
1137 2824 1149 2844 ·

90 3078 119 3146 ²¹²)
140 3077 208 3146 527,
222 3078 269 3132 ubi
283 3079 311 3131 in
321 3078 461 3133 codicibus
472 3084 528 3133 est:
550 3095 746 3148 quamquam
766 3081 921 3133 omnibus
939 3075 1000 3146 par
1016 3091 1108 3146 paene

141 3171 217 3225 laus
236 3171 270 3225 in
286 3170 449 3225 dissimili
469 3172 641 3226 scribendi
659 3188 782 3241 genere
797 3172 982 3237 tribuatur,
995 3177 1108 3226 annota-

142 3278 233 3318 verom
252 3264 423 3319 'scribendum
443 3281 503 3320 asse
528 3278 665 3335 quamquo
684 3264 854 3333 (amplificari
872 3264 942 3319 eninr
962 3280 1027 3331 rem,
1046 3279 1109 3318 con·

142 3356 221 3410 trorii
237 3362 285 3411 aut
298 3357 468 3428 exceptionis
483 3374 518 3412 ne
527 3357 665 3412 minimam
676 3357 784 3427 quidem
794 3357 1020 3426 significationem
1030 3355 1109 3424 esse),

145 3449 160 3517 ἓ
181 3449 212 3503 51
233 3465 283 3520 pro
303 3466 345 3514 eo,
365 3451 439 3520 quod
458 3451 559 3518 editur,
588 3451 777 3518 odiosiora,
804 3447 1021 3504 substituendum
1049 3463 1109 3503 esse

142 3543 297 3598 necessario
316 3548 366 3596 ant
383 3540 540 3614 copiosiora
559 3549 608 3598 eut
624 3543 716 3612 potius
735 3541 907 3614 operosiora,
925 3542 940 3611 ᾗ
959 3541 994 3596 98
1012 3542 1110 3597 tollen-

143 3635 206 3689 dum
226 3650 286 3690 esse
306 3652 457 3705 pronomen
476 3653 514 3692 ea
532 3653 549 3691 a
567 3637 679 3692 librario
698 3636 792 3704 aliquo
813 3643 877 3691 ante
897 3651 967 3705 quae
987 3636 1110 3690 additum

142 3728 207 3795 (ea,
227 3731 313 3797 quae)
332 3745 393 3783 cum
410 3729 532 3799 pernicie
552 3735 696 3784 structurae
714 3730 910 3796 (anacoluthon
928 3730 1008 3797 enim,
1033 3730 1110 3783 cuius

145 3822 323 3878 excusatione
349 3827 471 3889 utuntur,
499 3822 602 3877 nullam
632 3824 721 3892 ipsum
754 3824 857 3878 habere
888 3825 1111 3891 excusationem);

140 3915 259 3985 primam
287 3915 483 3969 correctionem
513 3923 693 3983 occupauerat
719 3917 877 3985 Lambinus,
906 3917 1020 3971 alteram
1042 3916 1109 3969 Pur·

142 4007 250 4076 goldus,
269 4008 377 4061 tertiam
400 4008 556 4063 Wetzelius.
601 4008 634 4062 ld
657 4025 765 4080 quoque
784 4010 851 4064 satis
870 4015 912 4064 est
928 4010 974 4064 hic
992 4009 1021 4062 in
1039 4023 1109 4062 mar·

140 4101 206 4167 gine
224 4101 357 4168 posuisse,
378 4100 393 4169 §
413 4101 447 4156 67
465 4117 515 4169 pro
533 4101 646 4169 possit
665 4103 837 4159 scribendum
856 4117 917 4157 esse
936 4102 1035 4171 posset.
