2740 4572
18 76 20 206 i

529 203 647 260 Tacitus.
1017 205 1078 266 243

46 416 153 482 pugne
190 398 223 461 et
252 399 319 464 eius
352 402 463 466 eventu
492 399 706 466 subiiciuntur.
753 399 823 466 Une
843 399 950 466 littere
980 401 1121 468 uddonds

47 507 132 568 erat:
183 502 343 572 directa
379 525 422 572 eu
458 506 620 572 diuerso
654 506 763 572 acies
796 506 898 572 baud
931 509 1071 588 procul
1103 526 1123 574 e

50 610 224 674 flumine
248 611 380 679 Rheno
403 616 469 692 est,
491 611 676 680 obversis
696 614 753 676 cet.
1124 619 1129 636 ·

149 716 233 782 Ibid.
256 718 311 784 32:
339 721 487 786 missus
509 738 592 785 cum
614 718 819 783 mundetis
842 718 1056 784 Montanus
1078 721 1122 784 nd

49 824 243 901 Ciuilem,
260 827 302 890 ut
323 825 549 892 obsisteret
570 817 678 891 bello
701 843 798 890 neve
821 828 985 890 externe
1004 827 1122 891 struis

49 930 176 994 loisis
197 931 354 998 velaret
373 934 433 998 cet.
471 933 580 1017 Neque
600 931 633 998 in
655 932 911 998 externorum
932 931 1055 996 nomine
1078 929 1122 996 sic

51 1037 132 1100 nude
155 1036 259 1118 posito
284 1037 348 1102 ullo
368 1041 417 1104 est
437 1040 481 1104 rei
503 1039 592 1104 nrslae
615 1041 676 1122 ¹unt
704 1057 771 1121 quae
799 1037 931 1102 volendo
960 1037 1003 1102 sit
1025 1038 1120 1121 signi·

50 1143 165 1220 ficatio,
189 1143 347 1226 multoque
370 1143 473 1210 minus
494 1145 688 1228 intelligitur,
718 1163 773 1210 cur
799 1143 877 1209 false
905 1161 992 1208 arms
1017 1143 1123 1225 uppel·

50 1250 166 1326 lentur,
188 1249 299 1332 quibus
320 1248 426 1320 Ciuilis
448 1251 528 1318 sorio
549 1252 583 1316 et
605 1250 718 1316 scuter
739 1251 894 1316 Romanos
916 1233 1122 1334 oppugnabat.

51 1356 144 1436 illud¹
159 1356 384 1438 postulabatur,
407 1377 446 1424 ne
469 1357 576 1424 Civilis
599 1357 704 1434 ermis,
734 1355 847 1438 quibus
872 1355 1037 1439 imperium
1062 1353 1124 1419 Ro-

52 1481 182 1528 munum
204 1461 358 1528 hostiliter
379 1462 611 1547 aggrederetur,
634 1463 745 1528 soleam
761 1463 894 1545 speciem
910 1461 1038 1528 occultes
1052 1477 1122 1527 curn

54 1569 245 1650 Vespasiano
277 1569 510 1651 conspirationis
541 1575 572 1634 et
599 1587 653 1652 pro
684 1587 719 1634 eo
747 1568 904 1653 pugnandi
932 1567 1124 1645 obtenderet,

13 1677 14 1682 ’
54 1675 136 1758 quod
160 1692 231 1740 euru
254 1675 361 1741 fecisse
385 1679 417 1740 et
438 1678 509 1742 unte
531 1680 689 1742 nonatum
719 1676 769 1740 cst
795 1676 828 1740 et
857 1674 1000 1758 proximis
1021 1672 1124 1739 uerbis

54 1780 257 1864 significetur.
316 1783 485 1864 Scripserut
520 1783 661 1850 Tacitus:
702 1799 799 1847 neue
834 1781 1002 1846 externe
1034 1795 1125 1846 urus

55 1886 271 1970 <aroenis>
293 1888 413 1956 falsis
446 1891 613 1955 velaret.
668 1890 746 1955 Duae
772 1906 862 1954 uoces
890 1907 909 1952 o
938 1887 1054 1952 litteris
1084 1903 1124 1950 ur

11 2023 12 2026 ¹
56 1993 242 2076 insipientes
268 1995 298 2058 in
327 2015 419 2060 unum
442 1995 628 2062 coaluerunt.
682 1997 881 2060 Arcanum
913 1995 946 2056 et
978 2006 1125 2057 urceus

56 2119 151 2182 quam
187 2101 363 2182 frequenter
399 2102 525 2170 Tacitus
560 2101 822 2167 substantivorum
857 2099 923 2164 looo
958 2101 1061 2179 ponet,
1097 2098 1144 2163 et.

57 2208 236 2272 communie
257 2207 355 2272 lexico
377 2209 543 2276 ostendunt
565 2213 596 2273 et
617 2207 708 2289 psulo
729 2206 853 2272 uberius
875 2203 1033 2268 Taciteurn
1052 2201 1128 2266 Bot-

57 2313 180 2378 ticheri
225 2314 401 2378 Externa
423 2334 530 2382 erma
552 2315 747 2380 scribendum
770 2325 835 2376 esse
851 2308 977 2391 Lipsius
998 2305 1125 2384 viderat,

59 2420 167 2484 addito
190 2419 352 2486 arcanis
372 2423 485 2502 praetcr
506 2421 695 2488 seutentiam
719 2420 836 2484 rectum
857 2417 890 2480 et
918 2414 1125 2480 membrorum

10 2605 11 2610 Ἰ
61 2525 225 2609 esqualites
248 2525 421 2594 restituitur
441 2532 472 2592 et
493 2527 598 2593 mendi
620 2527 704 2610 origo
726 2521 921 2607 perspicitur.

164 2633 311 2698 iniust
340 2633 379 2701 de
409 2633 538 2717 Regulo,
567 2635 620 2717 qui
652 2635 832 2700 Crassorum
861 2632 892 2694 et
921 2626 1011 2693 Orfiti
1039 2625 1128 2690 domo

10 2691 12 2780 >
61 2740 211 2812 subversa
243 2739 347 2806 odium
380 2742 579 2820 contraxerat,
603 2742 647 2805 rio
669 2739 813 2806 scribitur
840 2737 873 2800 in
886 2781 889 2788 ·
904 2733 1008 2800 codice
1030 2729 1131 2795 Med:

10 2891 12 2912 r
62 2848 209 2927 sponte
243 2866 259 2912 e
292 2837 383 2915 Xffd
423 2849 632 2914 accusatio
669 2848 831 2913 subisse
866 2839 1025 2909 iuvenis
1061 2837 1131 2904 ud·

62 2952 216 3016 modum
252 2972 324 3019 nec
356 2943 592 3037 depellendi
626 2952 816 3038 periculi,
850 2950 916 3016 sed
950 2950 988 3012 in
1022 2963 1131 3027 spem

62 3059 259 3138 potentiae
294 3060 520 3126 videbatur.
585 3062 717 3126 Senstus
757 3057 889 3123 consulti
928 3053 1044 3117 nullam
1082 3051 1133 3114 bio

64 3166 252 3238 mentionem
276 3186 294 3231 a
315 3168 422 3234 Tacito
451 3168 565 3233 fncbm
595 3185 661 3231 esse
682 3182 789 3230 omnes
811 3158 1039 3231 intellexerunt;
1061 3174 1133 3220 num
1231 3202 1234 3209 .

62 3289 164 3355 neque
198 3277 323 3338 senatus
359 3275 498 3341 consulto
533 3273 724 3339 accusatores
756 3265 929 3333 maiestatis
962 3261 1134 3329 constitue·

64 3379 188 3452 bantur,
212 3397 319 3462 neque,
343 3381 369 3446 si
393 3382 529 3465 Regulus
552 3373 826 3445 senatusconsulto
842 3371 1003 3454 paruisset,
1024 3367 1132 3450 sponte

63 3484 191 3568 egisset,
215 3504 313 3569 neque
335 3487 410 3566 eius,
441 3488 496 3553 sed
525 3490 651 3553 senatus
679 3485 769 3566 culpe
790 3478 909 3544 fuisset.
954 3474 1013 3540 Sed
1034 3491 1134 3556 neque

64 3592 117 3674 qui
140 3593 263 3658 litteras
279 3614 294 3658 e
309 3584 385 3660 XS-(l
396 3593 578 3676 simpliciter
593 3591 713 3666 tollunt,
740 3588 835 3652 ullum
857 3578 1136 3650 verisimilitudinis

65 3700 202 3780 speciem
225 3703 438 3785 assequuntur,
469 3717 566 3781 neque
597 3695 804 3781 probabiliora
829 3692 911 3770 sunt,¹
934 3706 1001 3771 quae
1024 3685 1077 3751 elii
1101 3702 1137 3749 eu

65 3805 142 3888 ipsis
166 3807 229 3872 illis
252 3809 365 3874 litteris
389 3805 667 3890 exsculpserunt.“)
711 3799 794 3866 Illud
816 3798 909 3896 miror
929 3795 1081 3896 nemiuem
1101 3809 1137 3854 su

73 4005 79 4012 ο
119 4000 146 4110 lt)
165 3997 235 4098 tium
253 4044 325 4098 hunc
343 3997 583 4112 ipsumplngulour
595 4034 747 4106 tppotlretse
760 4031 1009 4158 nuditumerQ
1022 4022 1138 4092 cognovi

882 4133 916 4186 16
