2740 4572
484 281 487 288 ,
545 235 668 292 Tacitus.
1035 235 1095 298 225

36 429 125 495 tudo
154 431 236 496 usui
256 431 361 498 futura
381 437 472 510 esset,
495 431 746 517 significationem
772 435 867 518 atquo
894 433 940 500 ita
960 432 1136 518 scripsisse:

38 537 184 601 aeta-te
216 540 256 602 et
282 538 409 604 lorma
435 537 540 604 haud
569 537 770 604 dissimili
798 539 838 604 in
866 537 985 606 domini
1009 539 1139 606 nimum

35 643 165 718 erat,
189 643 251 709 hoe
273 646 332 718 ost,
352 643 392 710 ad
413 645 570 710 mimicum
599 645 753 728 quondam
782 645 901 711 domiui
929 644 1137 710 imitationem

38 748 285 831 peragendam,
301 748 561 834 quemadmodum
578 749 697 816 Plinius
715 751 754 816 Η.
770 749 808 815 N.
824 749 895 828 vn,
911 750 951 813 53
971 749 1137 814 Artemona

39 853 133 920 dicit
159 856 194 919 in
219 857 345 920 tantum
368 857 501 922 similem
530 855 626 924 fuisse
646 855 794 923 Antiochi
823 855 915 940 rogis,
947 856 983 920 nt
1004 855 1137 923 Laodice

36 961 171 1025 coniux
214 961 300 1044 regia
334 961 441 1028 necato
477 961 539 1028 iam
575 962 726 1029 Antiocho
761 961 918 1027 mimum
951 978 1019 1045 por
1051 978 1137 1025 enm

37 1066 447 1133 commendationis
470 1067 668 1154 regnique
701 1065 981 1134 successionis
1021 1084 1135 1150 pere·

41 1175 180 1257 gerit
215 1172 281 1240 Noc
302 1171 435 1239 multum
457 1174 563 1252 distat,
579 1173 660 1257 quod
677 1173 842 1240 Suetonius
856 1172 953 1258 Galig.
969 1173 1010 1237 45
1026 1171 1135 1238 lictum

45 1280 261 1364 triumphum
283 1279 321 1344 de
344 1280 506 1346 Germanis
527 1279 827 1364 mimumappellat.
864 1280 993 1346 Tacitus
1014 1279 1083 1362 ipse
1104 1279 1135 1344 iu

43 1385 228 1450 simillima
250 1404 284 1452 re
305 1384 404 1451 falsi
425 1385 600 1453 Neronis
622 1385 849 1452 ludibrium
870 1383 1046 1452 dicitllist
1063 1385 1087 1463 1,
1106 1387 1135 1448 2.

42 1491 165 1572 (Quod
190 1491 281 1558 video
303 1487 322 1558 a
343 1491 527 1578 quibusdam
542 1491 645 1576 ipsum
663 1490 742 1558 illud
765 1493 803 1556 iu
826 1490 1024 1558 domiuum
1046 1511 1133 1558 enar·

49 1599 124 1663 ruri
147 1597 199 1663 ad
222 1597 374 1666 domini
395 1616 606 1683 personam
628 1597 838 1682 agendam,
868 1615 991 1680 prorsus
1012 1615 1136 1680 perver-

47 1725 132 1771 sum
167 1709 241 1784 est.)
287 1706 388 1786 Qn'am
419 1705 511 1772 facile
543 1705 702 1770 mimum
735 1723 806 1770 cum
840 1704 958 1771 duabus
991 1703 1136 1771 extremis

49 1812 195 1894 syllabis
218 1811 420 1895 precedentis
441 1810 581 1878 vocabuli
602 1811 774 1878 coalescere
794 1811 940 1895 potnerit
956 1810 1135 1895 apparet.*)

163 1913 247 1981 Ibid.
278 1917 335 1983 78:
370 1916 498 1984 Simul
531 1917 754 1984 Domitium
787 1916 1024 2002 impositum
1055 1919 1135 1984 tri·

53 2021 163 2087 remi
200 2023 333 2088 vitare
371 2024 538 2090 litorum
576 2041 682 2089 oram
713 2024 943 2107 preterque
975 2024 1135 2090 insules

1 2125 2 2135 ’
49 2125 148 2192 lato
184 2130 283 2194 mari
315 2148 482 2215 pergere
514 2129 553 2195 in
585 2129 739 2213 Syriam
767 2130 891 2195 iubet.
934 2128 1016 2194 Mira
1037 2129 1135 2195 obnu-

56 2234 174 2301 dantia
194 2234 362 2300 litorum
384 2253 451 2301 ora
466 2254 520 2320 pro
535 2236 679 2302 litoribus
694 2234 827 2319 ponitur,
846 2234 1025 2300 notabiliter
1039 2234 1133 2300 etiam

1 2332 3 2393 l
56 2340 181 2423 plurali
204 2345 235 2406 et
250 2341 400 2427 singulari
416 2361 543 2408 numero
559 2341 740 2408 coniunctis.
767 2341 844 2407 ¹Uns
858 2340 964 2406 littora
977 2341 1135 2426 geminata

1 2419 3 2532 l
54 2448 184 2513 rectum
202 2448 351 2526 efficitur3
374 2449 477 2514 iussus
492 2452 539 2514 est
555 2449 636 2514 euim
652 2448 808 2515 Domitius
828 2448 994 2514 litorum
1011 2464 1134 2514 moron

58 2554 172 2630 vitare,
202 2553 260 2619 hoc
288 2555 345 2635 ost,
372 2573 499 2634 moram,
531 2572 624 2638 quam
645 2555 802 2639 navigatio
822 2552 968 2619 habitura
989 2554 1081 2632 esset,
1105 2553 1133 2619 si

58 2659 157 2725 litora
176 2658 304 2744 legeret.

165 2765 245 2832 lbid.
268 2767 326 2847 ΙΙΙ,
342 2767 382 2830 12
397 2769 443 2845 (iu
458 2766 574 2834 Tiberii
589 2767 756 2847 oratione):
780 2768 900 2833 odoro
923 2784 1133 2850 seponam-

56 2889 136 2956 que
160 2891 179 2936 a
200 2873 312 2939 domo
341 2892 425 2941 mea
453 2876 493 2940 st
524 2875 706 2958 privatas
726 2873 978 2940 inimicitias
1000 2892 1073 2940 non
1096 2875 1134 2939 vi

61 2979 269 3062 principis
298 2981 483 3047 ulciscar.
537 2980 666 3046 Prorsus
700 2981 874 3048 necessario
907 2982 939 3046 iu
971 2981 1029 3047 hac
1058 2982 1133 3059 eins,

57 3085 147 3168 quod
179 3086 244 3163 liat,
277 3089 309 3153 et
341 3089 416 3168 eius,
449 3088 531 3171 quod
564 3105 623 3153 non
655 3086 719 3166 fiat,
753 3087 947 3169 copulatione
969 3087 1131 3153 dicendum

57 3195 147 3257 erat:
181 3211 252 3258 nec
282 3193 468 3274 privates
500 3192 750 3258 iuimicitias
782 3194 819 3258 vi
848 3192 1049 3274 principis
1070 3192 1163 3259 ul·.

118 3403 146 3471 *)
165 3403 194 3456 C.
214 3404 238 3470 9,
263 3403 392 3471 quoniam
420 3418 508 3471 neque
535 3403 700 3472 permissu
726 3401 851 3458 absolute
875 3399 995 3469 positum
1020 3403 1133 3456 etcum

165 3495 314 3566 participio
337 3511 540 3567 progressus
559 3495 751 3551 coniunctione
770 3495 929 3564 copulatum
946 3492 1012 3549 ferri
1030 3501 1133 3565 potest,

164 3605 254 3657 neque
281 3595 347 3642 tum
374 3589 574 3658 permissum
601 3595 677 3644 recte
705 3589 812 3656 dicitur,
840 3587 921 3656 quasi
947 3587 1069 3643 eiusdem
1092 3589 1132 3644 rei

164 3682 246 3736 venis
264 3687 327 3736 ante
346 3687 448 3750 negata
466 3680 641 3750 significetur,
661 3681 790 3751 scriptum
809 3680 934 3736 sTscito
952 3686 1034 3751 puto:
1054 3682 1132 3735 Tum

165 3773 301 3845 permisso
328 3789 596 3844 progressusque
621 3774 791 3830 salutatur
824 3774 862 3828 ab
897 3774 1052 3829 Arminio.
1094 3775 1132 3829 Et

162 3866 328 3935 permisso
357 3869 416 3922 sine
445 3867 617 3921 substantivo
643 3868 765 3937 positum
794 3873 823 3922 et
844 3867 944 3937 copule
966 3868 1039 3922 inter
1057 3866 1131 3924 abla-

165 3960 250 4014 tivum
271 3957 272 3960 ’
291 3961 446 4015 absolutum
483 3966 510 4014 et
540 3959 715 4029 participium
748 3961 893 4016 interiecta
922 3976 974 4016 usu
1003 3955 1133 4027 loquendi

162 4051 353 4108 defenduntur.

898 4155 932 4209 15
