2728 4582
323 280 385 336 Lib.
403 279 425 336 1.
443 239 511 350 Cep.⁴
529 279 560 336 V.
596 279 783 339 Miscellanee.
1010 281 1048 341 ’Π

478 560 565 643 Cep.
587 560 625 627 V.

467 713 653 769 Miscellanea.

127 865 201 932 Cum
223 861 477 948 preximisennis
498 866 530 930 in
554 885 643 949 opere
672 867 710 933 de
732 867 777 933 rei
794 867 925 951 publieae
945 866 1092 932 Remsnae

36 972 177 1037 institutis
204 971 417 1055 perscribendo
446 971 633 1048 Graeeerum,
667 974 720 1054 qui
751 972 789 1038 de
822 973 913 1038 rebus
945 973 1092 1038 Romanis

35 1077 220 1159 seripserunt,
255 1078 352 1142 libros
388 1079 535 1160 perpetuo
571 1079 745 1155 tractarem,
782 1080 920 1145 subnetae
958 1082 1030 1144 sunt
1061 1079 1092 1144 in

35 1185 173 1268 Appiano,
206 1183 316 1260 Dione,
348 1182 522 1251 Herodiano
556 1185 666 1268 preter
699 1202 761 1260 ees,
794 1204 870 1267 ques
895 1185 928 1249 in
950 1185 1016 1269 ipso
1038 1184 1093 1251 illo

36 1309 118 1372 opere
137 1290 235 1372 posui,
258 1289 490 1354 emendationes
512 1286 640 1367 aliquot,
663 1308 740 1373 ques
762 1291 820 1356 hoc
842 1290 909 1356 loeo
925 1309 984 1356 non
1000 1288 1093 1356 omit-

35 1397 132 1461 tendas
152 1395 296 1460 iudicavi.
647 1381 651 1390 ’

123 1578 266 1666 Appiani
287 1577 351 1644 Cin.
373 1577 399 1657 1,
421 1577 462 1641 50
484 1578 534 1655 (de
556 1579 664 1658 servis,
680 1580 734 1662 qui
755 1599 773 1644 a
795 1581 940 1662 Pompeio
961 1581 1035 1648 vieti
1059 1599 1094 1645 ex

35 1685 108 1751 eaede
122 1686 323 1770 effugerunt):
341 1684 395 1749 ιιολ
411 1685 478 1749 τῶν
494 1684 624 1750 λοιπῶν
640 1690 672 1758 ἐς
688 1679 730 1751 «ια’
745 1687 886 1771 σφέτερα
904 1680 947 1754 δι’
961 1682 1095 1772 α’πόρον

35 1787 132 1878 χώρας
154 1793 208 1859 ναὶ
231 1792 398 1878 χειμῶνος
429 1786 599 1858 ἐπιπόνου
626 1784 871 1878 διατρεχόντων
898 1800 930 1863 οἱ
960 1789 1096 1882 ἡμίσεις

34 1899 354 1985 βαλανηφαγοῦντες
385 1889 637 1983 διεφθάρησαν.
707 1897 789 1977 Quid
831 1898 928 1982 igitur
970 1896 1096 1962 dimidie

35 2007 112 2085 perte
134 2005 250 2070 feretum
275 2006 344 2069 est?
387 2003 428 2068 Et
451 2022 504 2068 cur
529 2003 692 2086 glandibus
714 2004 864 2070 vescendo
887 2005 1092 2069 interierunt?

36 2110 98 2176 Sine
128 2111 219 2176 dubie
252 2109 365 2174 excidit
397 2109 523 2193 aliquid,
556 2129 626 2175 eum
659 2112 703 2176 sie
735 2110 884 2193 seriptum
911 2109 1036 2174 fnisset:
1059 2113 1091 2175 οἱ

35 2211 160 2302 ἡμίσεις
180 2217 510 2304 βαλανηφαγοῦντες
524 2212 865 2303 <διεσιόθησαν,
889 2219 928 2281 οἱ
951 2207 980 2280 δ’
1002 2208 1023 2298 ἦ
1031 2241 1058 2300 μ
1068 2214 1096 2280 ι’-

38 2328 160 2408 οεις>
185 2318 434 2410 διεφθάρησαν.

129 2467 169 2544 11,
190 2467 248 2532 49:
271 2467 448 2551 Πομπηΐῳ
471 2465 507 2531 δέ
523 2466 612 2549 (τέλη
627 2454 682 2549 η’ν)
699 2469 799 2531 πέντε
814 2465 880 2548 μέν
895 2467 929 2539 ἐξ
951 2453 1100 2532 Ἰταλίας

37 2619 43 2632 ·
66 2619 72 2634 .
95 2623 102 2636 .
129 2620 150 2648 .,
173 2577 210 2637 ἐκ
230 2573 264 2638 δὲ
280 2572 498 2656 Παρθυαίων
520 2565 594 2647 δύο,
617 2571 686 2636 των
709 2564 771 2636 σόν
786 2564 933 2657 Κράσσῳ
950 2569 1100 2634 πεπολε-

35 2673 190 2762 μηκότων
204 2673 246 2744 τα“
263 2673 450 2755 όπόλσιτια,
467 2677 522 2744 καί
534 2703 564 2742 τι
577 2681 679 2761 μέρος
691 2673 773 2743 ἄλλο
786 2677 854 2744 τῶν
866 2682 900 2752 ἐς
915 2678 1100 2762 Αἴγυπτον

37 2784 245 2868 ἐσβαλόντων
265 2780 354 2871 μεταλ
377 2784 560 2871 Γαβινίου,
584 2778 768 2869 σύμπαντα
799 2777 935 2869 οἷνδροῑν
958 2775 1100 2850 Ἰταλῶν

37 2892 148 2957 ἕνδεκα
171 2893 250 2976 τέλη
273 2916 302 2958 ιι.
324 2918 353 2958 ο.
377 2895 405 2959 λ.
461 2892 503 2958 nt
533 2873 698 2974 pronomen
720 2891 754 2957 π’
776 2909 867 2975 pravo
888 2890 954 2955 loeo
977 2890 1047 2972 poni
1070 2891 1101 2954 et

39 2996 200 3064 desiderari
223 3018 386 3065 nnmerum
408 2999 609 3064 manifestum
631 2999 694 3074 est;
717 3016 752 3062 ex
767 2998 800 3063 τί
822 2996 953 3061 efficitur
975 2995 1001 3059 is
1024 2994 1100 3077 ipse,

38 3122 122 3184 quem
155 3105 266 3189 reliqui
294 3105 415 3171 numeri
444 3105 635 3170 monstrent:
669 3105 724 3171 ιιαὶ
757 3108 966 3186 τέσσαρα,
999 3104 1102 3186 μέρος

39 3207 112 3277 ἄλλο
136 3212 207 3279 τῶν
229 3217 264 3286 ἐς
278 3215 460 3299 Αἴγυπτον
483 3197 786 3296 ἐσβαλόντων,’σίεἰ
803 3208 964 3292 Appianus
978 3206 1102 3288 scripsit

39 3319 86 3382 καλ
119 3321 305 3402 τέσσαρα
339 3314 443 3384 ἄλλα
473 3318 541 3385 τῶν
573 3343 601 3386 ιι.
634 3341 665 3382 τ.
702 3318 732 3381 λ.
787 3313 956 3395 (Excidisse
983 3311 1102 3395 aliquid

39 3420 322 3509 Schweighduserus
344 3428 516 3508 suspicatus
539 3427 626 3499 eret.)

130 3563 189 3643 ΙΙΙ,
215 3563 257 3627 60
278 3565 321 3641 (in
344 3566 481 3631 oratione
502 3564 651 3639 Pisoniste
685 3549 732 3627 οἷν
761 3554 843 3634 τσός
868 3561 934 3642 μέν
957 3548 998 3625 εὖ
1015 3560 1102 3644 βον-

40 3668 237 3755 λεσομένσσς
259 3673 494 3755 ἐνθυμεῖσθαι
517 3665 580 3757 χρη
601 3663 688 3754 ὑπὲρ
710 3668 779 3736 τόν
794 3672 842 3734 ἔτι
858 3668 1102 3750 πλανωμένων,

40 3770 115 3850 νοός
137 3769 167 3844 δ
188 3769 343 3850 όποὶτοσς
376 3778 430 3844 ιιαέ
465 3772 658 3864 δημάρχους
683 3774 846 3846 πλείονας
868 3765 1101 3840 κινδυνεύσωσι

39 3895 105 3956 τοῖς
132 3895 259 3957 κοινοῖς
287 3884 460 3970 γενέσθαι.
515 3882 575 3963 Qui
603 3883 714 3948 Latine
746 3882 909 3952 πλείονας
941 3881 1102 3965 γενέσθαι

42 3991 194 4056 verterunt
226 3989 375 4056 maiorem
409 4008 515 4058 eurem
549 3990 736 4071 impendere,
770 3989 930 4056 sententiae
962 3986 1102 4051 umbram

40 4097 130 4161 seenti
153 4079 235 4175 εἴων.
259 4113 318 4161 non
342 4097 440 4164 Graeei
462 4095 612 4162 sermonis
643 4114 743 4160 usum.
798 4091 958 4159 Sententia
986 4092 1104 4156 acutior
