2712 4576
461 246 598 302 Ciceronis
618 247 727 301 Orator.
1047 247 1085 318 9]

9 353 17 521 i
60 441 135 506 illud
161 441 302 522 mirarer,
324 444 384 508 nisi
406 442 514 508 mirari
536 443 694 523 desissem,
725 462 778 510 cur
806 441 839 508 in
861 442 1007 525 proximis
1029 443 1128 509 verbis

8 623 13 649 Ι
62 567 250 614 summum
274 569 362 615 esse
384 549 454 616 tolli
477 569 545 615 cum
570 549 667 614 Bakio
690 549 829 616 voluerit.

161 667 311 734 turult:
335 667 413 732 Nec
433 686 526 734 vero
549 668 688 732 utetur
704 667 834 754 (orator)
852 670 1129 753 lmprnde'nter

61 771 129 836 hac
151 773 282 854 copia,
315 773 383 839 sod
415 772 545 839 omnia
575 773 772 857 expendet
800 776 839 840 et
862 775 1029 860 seliget;
1053 796 1127 843 non

6 903 11 975 ς
59 880 159 943 enim
196 899 352 963 semper
384 899 453 945 uec
486 881 524 943 in
557 881 890 947 omnibuscausis
912 901 955 947 ex
977 883 1127 949 eisdem

6 982 11 1074 l
58 987 387 1070 argumentorum
415 988 734 1054 momentasunt.
772 988 1127 1055 Dureomittividetur

62 1091 174 1168 locis;
198 1093 253 1156 sod
276 1095 400 1173 gravius
423 1092 558 1172 offendit,
581 1093 672 1176 quod,
688 1095 725 1159 ut
740 1113 820 1159 nunc
833 1095 926 1161 verba
941 1096 1125 1172 scribuntur,

6 1197 11 1293 l
55 1201 309 1280 argumentorum
351 1202 506 1264 momenta
549 1219 584 1266 ex
627 1200 701 1266 locis
745 1219 811 1266 esse
858 1199 1018 1281 dicuntur,
1069 1223 1125 1269 uec
1239 1277 1242 1280 ,

6 1300 11 1389 ξ
61 1305 177 1368 omnino
227 1307 373 1386 apparet,
424 1324 483 1388 quo
532 1307 753 1371 momentorum
801 1325 912 1373 nomen
960 1310 1125 1392 pertineat.

6 1396 7 1409 ¹
57 1407 136 1487 uuio
158 1411 375 1492 requireretur,
398 1415 536 1478 senserat
557 1414 618 1478 iam
644 1413 748 1495 aliqua
764 1432 805 1490 ,ex
827 1416 914 1496 parte
937 1416 1125 1493 Lambioue;

56 1517 249 1582 scribendum
276 1518 360 1582 enim
382 1518 447 1584 sine
470 1519 562 1584 dubio
585 1520 646 1584 est:
679 1537 751 1584 noo
783 1521 883 1585 enim
907 1540 1062 1605 semper
1086 1571 1123 1586 ..

6 1652 9 1676 ·
56 1622 902 1708 ereisdem<lociseadem>argumentorum
926 1632 1125 1696 momenta

5 1776 9 1809 ,
59 1731 153 1794 sunt.
212 1733 412 1814 Argumenta,
446 1750 514 1814 quae
548 1750 583 1798 ex
610 1732 726 1796 eisdem
760 1731 837 1799 locis
869 1733 1029 1816 ducantur,
1063 1757 1124 1803 uon

5 1818 12 1945 Ι
56 1853 176 1918 semper
194 1836 292 1902 'idem
325 1836 475 1901 momenti
508 1836 619 1902 hahere
652 1838 737 1915 dicit,
763 1841 827 1916 ‚sed
850 1841 940 1906 modo
962 1841 1123 1926 gravioris,

6 1948 12 1996 l
55 1941 142 2007 modo
168 1941 293 2008 levioris
315 1941 457 2025 ponderis
480 1961 555 2008 esse.
589 1943 702 2009 Oculus
725 1946 842 2011 librarii
863 1948 896 2012 in
917 1948 1067 2015 eisdem
1091 1950 1124 2015 et

6 2034 12 2129 l
55 2049 189 2114 eadem
212 2049 375 2114 aberravit.
522 2035 524 2039 ’

6 2139 10 2207 i
153 2155 232 2220 lbid.
257 2156 312 2218 57:
345 2156 412 2221 sed
434 2154 508 2221 ille
530 2157 572 2234 (in
596 2155 725 2222 diceudo
748 2159 879 2236 cantus),
902 2178 1014 2243 quem
1038 2163 1121 2245 sig·

7 2326 10 2339 ,
59 2259 206 2326 nificat
226 2262 529 2327 ‘Demosthenes
565 2263 603 2327 at
633 2261 861 2342 AEschines,
898 2283 982 2330 cum
1017 2267 1124 2332 alter

59 2365 180 2432 alteri
203 2367 350 2435 obiicit
372 2369 481 2434 vocis
503 2368 719 2443 flexionem
742 2367 846 2432 dicit
867 2370 1120 2451 pluruetiam

56 2471 348 2540 Demosthenes
369 2475 567 2557 illumque
589 2494 690 2557 saepe
714 2474 814 2540 dicit
835 2494 930 2542 voce
952 2476 1062 2543 dulci
1082 2479 1122 2544 et

6 2599 11 2683 Ι
54 2578 166 2644 clara
188 2580 328 2649 fuisso.
372 2581 508 2646 Verbum
533 2579 637 2646 dicit
661 2600 753 2662 quam
772 2583 855 2648 esset
871 2601 1008 2664 pravum,
1025 2585 1123 2650 sensit

6 2686 11 2793 j
59 2685 214 2752 Ernestius
236 2687 366 2771 tollique
389 2688 525 2764 volchat3
549 2687 658 2752 fortius
682 2687 846 2772 [leyserus
862 2692 898 2754 ut
912 2690 1038 2764 solebat,
1055 2691 1121 2758 haec

54 2791 172 2857 omnia:
206 2792 308 2858 dicit
336 2795 452 2878 plura
615 2793 743 2859 fuisse
776 2795 904 2870 notavit,
940 2799 1021 2864 uude
1054 2802 1121 2865 orta

60 2900 166 2974 essent,
187 2899 265 2964 nihil
281 2918 397 2965 curans.
430 2898 590 2964 honestius
614 2898 727 2982 quique
749 2901 804 2966 alii
828 2901 930 2970 locum
952 2904 1121 2985 tentarunt,

54 3005 148 3087 caput
162 3004 233 3071 vitii
247 3024 308 3071 non
324 3005 504 3090 attigerunt,
520 3005 600 3089 quod
622 3006 771 3072 vocabulo
794 3009 909 3090 plura
931 3000 1133 3087 continetur}

59 3127 153 3194 neque
191 3111 273 3176 enim
309 3113 379 3178 uter
410 3112 512 3177 orator
544 3109 676 3176 alterum
710 3113 888 3196 probrorum
921 3116 1121 3184 multitudiue

55 3218 239 3297 superasset,
274 3217 467 3284 dinumerare
499 3216 638 3283 Ciceroni
666 3217 697 3282 iu
726 3220 862 3284 mentem
890 3221 1041 3302 veniebat,
1066 3224 1121 3289 sed

54 3321 210 3406 singulare
232 3323 357 3406 aliquod
372 3323 592 3390 Demosthenis
613 3325 783 3391 convicium
808 3325 841 3391 in
856 3325 1034 3394 AEschiuem
1049 3348 1120 3395 cou-

4 3445 5 3520 l
59 3427 168 3494 lectum
191 3430 320 3496 notauit.
375 3429 666 3514 Scripseratenim:
700 3430 950 3498 alteralteri
973 3434 1121 3504 obiicit

4 3543 6 3620 t
55 3537 165 3601 nocis
208 3535 429 3615 flexiones,
472 3536 614 3606 AEschini
649 3537 783 3624 plorare
819 3538 940 3604 etiam
976 3540 1119 3609 Demo-

55 3641 237 3722 sthenes,
271 3641 446 3726 significans
478 3644 696 3710 Demosthenis
725 3643 835 3719 locum,
870 3645 923 3728 qui
952 3650 1053 3714 exstat
1082 3647 1120 3714 de

55 3745 129 3812 Cor.¹
150 3749 226 3814 987:
262 3750 306 3837 τῇ
342 3750 438 3840 φωνῇ
476 3744 646 3836 δακρύειν.
703 3750 841 3820 Priorem
876 3751 1028 3836 ,syllabam
1063 3773 1120 3820 no·

56 3853 147 3920 minis
180 3854 361 3924 AEschiui
393 3856 497 3924 hausit
525 3856 703 3931 terminatio
735 3857 816 3924 vocis
847 3858 1047 3940 precedentis
1070 3878 1118 3926 es.

59 3956 174 4026 Deinde
207 3961 258 4028 vix
290 3961 380 4027 credo
412 3963 587 4030 Ciceronem
622 3964 729 4038 eontra
755 3965 917 4030 veritatem
951 3964 1118 4048 scripsisse,

4 4009 7 4190 i
55 4083 154 4148 sepe
187 4087 205 4132 a
237 4068 444 4136 Demosthene
476 4069 630 4138 AEsehinis
662 4089 767 4148 vocem
801 4071 922 4137 dulcem
950 4072 985 4146 ¹et
1006 4070 1120 4146 claram

4 4191 5 4196 ¹
905 4189 921 4240 u
