2740 4572
298 230 361 293 m
660 227 958 296 mmmm.

257 424 483 495 emendationis
504 425 592 506 parte
615 424 853 501 (nobilibus)
870 423 957 488 nulla
972 431 1020 488 est
1034 421 1205 496 dubitatio;
1229 421 1351 488 altera

258 530 400 598 audacior
423 529 649 597 dubitationem
671 530 775 605 habet,
795 530 855 594 uisi
870 529 949 613 qnod
965 530 1085 594 certum
1101 537 1149 594 est
1162 526 1356 594 relativum}

258 656 423 720 pronomen
438 637 648 715 intercidiss03
664 640 766 718 potest
781 634 863 700 euim
878 637 1026 718 scripturn
1041 634 1155 699 fnisse:
1170 634 1347 700 invidus

258 744 381 809 otiam
410 743 620 826 potentiae,
643 742 782 829 <qui>
803 743 842 806 in
876 740 1356 828 crimeuvooabantur„

258 847 607 916 domumreuooat.
1161 872 1163 876 ·
1256 865 1262 873 ·

357 955 446 1020 Eum.
469 956 506 1019 3:
539 953 689 1020 etenim
717 973 873 1036 semper
902 952 1036 1018 habiti
1067 953 1161 1018 sunt
1181 949 1356 1016 fortis-1

258 1061 368 1136 simi,
401 1061 468 1144 qui
500 1079 692 1126 summum
724 1059 890 1141 imperii
921 1058 1165 1142 potirentur.
1222 1057 1356 1122 sicin

258 1167 485 1251 antiquioribus
522 1166 678 1232 codicibus
715 1167 859 1230 omuibus
896 1165 1051 1236 scribitur.
1087 1184 1142 1247 pro
1179 1183 1241 1247 quo
1283 1165 1356 1228 aut

258 1291 407 1338 summa
434 1291 470 1337 ex
492 1273 597 1356 paucis
618 1271 838 1337 recentioribus
859 1274 915 1336 aut
936 1290 1092 1337 summae
1115 1288 1131 1336 e
1153 1271 1356 1336 coniectura

258 1378 464 1444 substituitur.
502 1379 599 1442 Miror
621 1379 737 1443 nemini
759 1377 790 1442 in
815 1378 949 1442 ruentem
972 1377 1103 1455 uenisse,
1125 1375 1339 1442 scribendum

259 1503 334 1562 esse,
367 1485 624 1567 quemadmodum
652 1503 679 1548 c.
703 1485 731 1562 7,
764 1483 878 1550 summi
908 1483 1084 1564 imperii.
1130 1481 1207 1546 Cum
1240 1483 1253 1545 i
1279 1473 1356 1548 vo}

259 1591 334 1656 calis
370 1591 468 1656 semel
500 1591 613 1671 scripte
647 1592 730 1656 essct
762 1588 1094 1670 (summimperii)‚
1123 1587 1196 1653 inde
1217 1583 1356 1672 natum}

258 1697 528 1762 emsummum.
1021 1691 1022 1695 ’
1355 1687 1356 1770 J

359 1802 461 1866 Hann.
485 1804 520 1866 5:
544 1801 671 1880 Quare
698 1802 769 1868 boc
790 1821 906 1866 unum
928 1803 1031 1866 satis
1054 1800 1134 1866 erit
1155 1797 1334 1876 dictum,

258 1926 301 1971 ex
329 1900 401 1989 quo
429 1907 618 1992 intelligi
647 1908 797 1990 possit,
824 1909 997 1991 quantus
1019 1905 1095 1970 ille
1117 1905 1248 1972 fuerit
1272 1909 1356 1971 oct.³

246 1999 388 2079 ¹Prorsus
411 2013 622 2079 scribendum:
645 2016 717 2080 hoc
738 2034 854 2080 unum
876 2013 979 2078 satis
1001 2013 1083 2079 erit
1104 2012 1203 2078 dictu.
1355 2021 1356 2078 l

359 2131 822 2216 Act.321gicurp1·imum
845 2131 953 2197 illud
975 2150 1115 2196 munus
1137 2131 1334 2201 fortunae.
1355 2133 1356 2220 l

257 2237 427 2320 quadiu
457 2256 499 2302 aa
525 2239 786 2320 potissimum
814 2239 909 2304 urbe
938 2238 1160 2316 natusest,
1188 2237 1227 2300 in
1253 2253 1331 2319 qua

258 2343 512 2410 domicilium
547 2344 657 2410 orbis
692 2345 893 2409 terrarum
925 2345 1036 2409 esset
1068 2342 1251 2426 imperii,
1288 2345 1356 2426 ut}

259 2449 421 2515 eandem
444 2454 482 2516 et
503 2449 679 2533 patriam
700 2450 871 2516 haberet
892 2456 930 2515 et
952 2451 1106 2514 domurn
1127 2450 1187 2514 cet.
1234 2431 1356 2518 Meu-t

258 2554 330 2619 dum
354 2574 422 2622 esse
451 2559 481 2622 in
513 2557 665 2622 domum
696 2559 778 2622 reete
807 2556 1011 2640 Nipperdeius
1033 2555 1204 2630 intellexit;
1227 2572 1326 2638 neque
1355 2589 1356 2594 κ

258 2661 338 2725 enim
353 2660 455 2744 patria
469 2666 500 2726 et
517 2663 624 2728 domus
642 2664 803 2747 tamquam
818 2663 969 2729 contraria
983 2663 1056 2744 poni
1072 2666 1210 2744 possunt
1226 2677 1327 2743 neque
1355 2657 1356 2678 t

258 2766 357 2830 Roma
377 2767 483 2831 Attico
505 2769 640 2834 domus
669 2769 746 2847 fuit3
775 2770 808 2834 iu
830 2769 1008 2854 corrigendo
1029 2767 1191 2834 aberravit.
1242 2765 1325 2845 Quid

258 2871 363 2947 lateat,
386 2873 571 2954 perspicitur
594 2893 629 2939 ex
651 2874 805 2958 superiore
824 2875 945 2956 imperii
969 2874 1135 2940 mentione.
1186 2873 1325 2938 Fortuna
1355 2889 1356 2952 ζ

258 2979 290 3042 et
311 2977 476 3059 prudentia
498 2977 543 3045 sic
564 2980 595 3044 in
619 2979 725 3046 Attico
746 2982 969 3064 conspirarunt,
992 2983 1038 3058 ut,
1062 2999 1132 3045 curn
1147 2978 1179 3044 in
1196 2979 1323 3045 civitate

256 3083 386 3166 imperio
407 3085 546 3152 Romano
568 3089 706 3154 subiecta
726 3090 832 3154 sedem
854 3088 991 3171 poneret,
1021 3088 1128 3151 tamen
1150 3088 1216 3168 ipse
1237 3103 1324 3168 pere·

256 3189 380 3275 grinum
412 3193 573 3275 imperium
611 3213 670 3259 non
706 3195 832 3260 subiret.
891 3191 1095 3260 scribendum
1129 3193 1245 3276 igitur:
1283 3191 1323 3255 ut
1355 3199 1356 3206 ’

257 3300 420 3364 eandem
444 3305 482 3365 et
503 3301 675 3383 patriam
698 3301 867 3366 haberet
888 3304 927 3364 et
948 3298 1118 3367 dominam.
1166 3295 1320 3380 Numqui

255 3404 388 3471 Athenis
409 3409 500 3472 natus
522 3408 613 3485 esset,
637 3407 732 3473 aliam
755 3407 918 3472 habiturus
933 3406 999 3471 erat
1014 3404 1157 3488 patriam,
1174 3404 1319 3476 Athenas,

256 3509 349 3576 aliam
385 3510 558 3604 dominam„
587 3513 727 3578 Romam.
775 3511 885 3588 (Video
925 3531 1005 3577 nunc
1044 3511 1139 3576 etiam
1175 3508 1319 3576 (lebetum

257 3615 453 3682 dominam
483 3617 659 3700 scripsisse;
686 3619 742 3684 sed
771 3618 854 3702 quod
881 3617 1077 3701 transpositis
1106 3615 1209 3682 verbis
1231 3632 1319 3697 snpra

256 3720 397 3804 scripsit:
419 3723 457 3787 iu
481 3743 554 3808 qua
576 3725 827 3790 domicilium
850 3728 961 3790 esset
982 3722 1165 3804 imperii,
1193 3724 1260 3789 hic:
1282 3723 1316 3786 ct

256 3827 365 3893 orbis
388 3832 585 3895 terrarum
609 3831 823 3908 dominam,
840 3828 1062 3917 nonagiturin
1075 3827 1175 3893 Attici
1190 3843 1315 3908 persona
1355 3883 1356 3910 q

144 3994 147 4000 .
256 3933 295 3999 de
317 3934 476 4003 dominatu
502 3937 584 4003 orbis
609 3940 770 4017 terrarum,
801 3955 898 4020 neque
920 3936 1046 4002 Atticus
1067 3933 1148 4000 orbis
1170 3935 1313 3998 terrarum

256 4041 411 4107 dominam
434 4041 546 4108 habuit
567 4043 708 4124 patrium,
731 4043 785 4108 sed
799 4061 897 4108 suam.
934 4043 970 4106 In
986 4043 1084 4108 altera
1098 4039 1154 4105 illa
1168 4035 1314 4106 sententie
1355 4071 1356 4130 q
