2712 4576
425 268 567 325 Ciceronis
585 269 731 324 orationes.
1014 269 1073 331 151

9 378 16 545 l
137 465 219 532 Ibid.
249 467 306 532 38:
340 467 420 532 Iam
450 466 562 556 eodo,
596 483 680 532 oum
713 466 764 545 is,
799 467 865 550 qui
902 466 1112 550 paeoniam

9 599 10 614 κ
44 569 229 637 Postumo
253 571 410 650 debuit,
431 592 506 638 non
529 572 636 651 baio,
659 573 726 637 sed
749 572 921 639 Gabinio
943 571 1111 652 dederit,

44 677 307 744 condemnato
330 678 501 744 Gabinio
523 680 656 760 utrum
678 677 755 744 illa
776 697 850 762 quo
873 697 917 744 ea
939 681 1113 762 poeonia

44 783 93 848 sit
123 803 172 849 an
206 804 310 852 nuno
342 784 385 850 de
418 788 485 851 ea?
538 786 584 851 Ex
605 785 717 850 litteris
739 786 774 849 ut
794 784 870 850 alibi
893 802 975 866 saepe
1001 784 1113 850 mbae

44 889 177 955 oratione
203 892 315 956 misere
338 892 495 958 distractis
517 910 573 956 neo
594 894 698 956 tamen
720 890 784 956 ulla
799 891 865 955 arte
880 890 1011 956 mutatis
1030 891 1111 957 oldai

44 995 178 1062 ridetur:
195 997 273 1062 Iam
290 998 491 1064 eodo....:
514 995 1110 1082 utrumilliaoquireudapeeunia

44 1102 71 1166 ot
89 1119 132 1166 an
149 1102 229 1170 bulo
242 1102 432 1171 reddenda?
456 1104 563 1169 Potius
579 1103 702 1169 Rabirio
721 1105 892 1186 pecuniam,
908 1120 1000 1185 quam
1015 1121 1068 1167 rex
1083 1103 1110 1166 ei

44 1206 189 1285 debuerit,
206 1209 394 1277 reddendam
409 1230 475 1276 esse
491 1209 567 1275 dicit
583 1228 676 1292 quam
692 1208 821 1276 Gabinio
836 1227 946 1276 noram
970 1208 1008 1274 ad
1030 1226 1109 1284 eam,

44 1331 129 1393 quam
152 1315 217 1379 iam
240 1317 400 1398 aooeperit,
423 1314 649 1400 adiungendam
668 1323 754 1392 (uam
769 1316 800 1382 id
816 1319 864 1382 est
885 1315 1108 1398 acquirere).

138 1432 1108 1518 lbid.40:Atpermutataaliquandopeouniaest3

45 1538 248 1604 subduotae
271 1537 371 1614 (oodd.
394 1538 534 1618 duotae)
565 1559 685 1606 naves
715 1539 899 1605 Postumi
926 1536 1108 1604 Puteolis

46 1650 145 1721 suut,
171 1644 314 1710 auditae
336 1644 510 1729 visaeque
532 1665 692 1713 meroes.
737 1646 923 1712 Fallaces
949 1644 1107 1728 quidem

46 1750 80 1812 et
98 1750 247 1817 fuoosae
270 1750 425 1816 chartis
449 1752 648 1818 etlinteis
665 1749 1107 1833 etuitrodelatae‚qui-

47 1853 109 1920 bus
131 1876 217 1922 oum
238 1855 373 1921 multae
394 1875 515 1923 naves
537 1860 698 1924 refertae
720 1858 917 1933 luissent,
940 1876 1014 1923 uua
1035 1875 1106 1921 non

46 1963 216 2041 potuerit
237 1981 367 2044 parva.
404 1965 569 2030 Rumorem
586 1965 754 2043 hominum,
772 1966 824 2048 qui
839 1965 999 2030 Rabirium
1014 1982 1107 2045 peou·

48 2066 121 2132 riam
140 2067 261 2153 regiam
282 2070 485 2151 permutando
506 2072 551 2136 ita
573 2071 724 2154 accepisse
745 2071 919 2147 narrabant,
941 2072 976 2134 ut
997 2088 1051 2151 pro
1072 2088 1108 2133 ea

47 2176 190 2252 pretiosas
210 2193 328 2240 meroes
344 2175 564 2242 Alexandrinas
580 2175 609 2242 ei
626 2177 768 2242 Puteolos
790 2195 882 2240 naues
904 2175 1107 2251 advexissent,

47 2275 144 2346 dicero
168 2282 212 2346 sio
243 2280 352 2361 elevat,
383 2286 418 2347 ut
439 2285 557 2348 meroe’s
580 2283 704 2366 quidem
726 2281 851 2348 Rabirio
875 2281 994 2346 venisse
1017 2279 1107 2343 conli-

48 2386 152 2464 teatur,
166 2385 221 2452 sed
235 2390 321 2469 parui
338 2392 391 2455 aut
404 2389 521 2454 nullius
538 2390 637 2472 pretii,
654 2390 692 2452 ad
708 2386 839 2469 speciem
852 2385 960 2470 exiguo
974 2385 1107 2468 quodam

48 2510 166 2558 numero
204 2513 306 2558 rerum
342 2497 555 2577 pretiosarum,
599 2497 782 2571 obortarum,
821 2492 996 2572 linteo-rum,
1034 2491 1108 2556 vitri

48 2597 184 2665 adiunoto
207 2601 241 2664 et
261 2600 514 2683 superimposit03
538 2602 644 2684 itaque
668 2621 738 2666 oum
761 2599 867 2666 multae
889 2617 981 2664 naves
1001 2597 1108 2662 huius·

48 2706 121 2768 modi
153 2704 293 2771 futilibus
322 2709 411 2772 rebus
441 2709 560 2772 soleriae
589 2709 728 2786 luissent,
761 2713 901 2791 exiguam
932 2725 967 2771 or
994 2705 1033 2769 iis
1054 2723 1108 2788 pe·

51 2813 181 2878 ousiam.
201 2813 340 2878 effectam
378 2832 453 2878 esso.
516 2814 602 2879 Hane
634 2814 823 2880 sententiam
859 2812 971 2896 quibus
1008 2811 1108 2876 verbis

48 2919 311 3002 comprehenderit,
342 2938 378 2984 ox
405 2921 543 2985 obscuris
574 2920 713 2986 oodioum
744 2920 885 3004 uestigiis
907 2920 1010 2985 umen
1033 2919 1108 2982 satis

49 3023 239 3102 probabiliter
275 3024 411 3089 eruitur:
448 3025 632 3092 Pallaoes
675 3025 835 3111 quidem
871 3027 910 3090 et
944 3024 1107 3101 fucosae,

48 3128 196 3197 obortis
230 3137 268 3196 et
302 3129 445 3196 liuteis
481 3137 520 3197 et
553 3133 659 3198 vitro
686 3132 813 3209 relatu,
848 3131 994 3216 quibus
1023 3148 1106 3194 oum

50 3237 175 3327 multae
207 3254 327 3302 naves
361 3236 524 3304 refertae
556 3238 752 3317 fuissent,
785 3256 861 3303 una
893 3253 973 3321 opus
1005 3235 1108 3301 luerit

50 3357 161 3419 parva
181 3359 261 3409 aroa
283 3343 434 3427 (sequitur
463 3345 667 3426 cataplum
697 3346 813 3410 oodieos
842 3342 956 3408 habent
985 3357 1107 3422 parve

48 3450 175 3514 artata
207 3451 319 3531 plus).
373 3451 473 3516 Unam
506 3469 636 3535 eamque
664 3471 789 3534 parvam
820 3467 922 3516 aream
951 3444 1107 3512 suffecisse

50 3550 116 3621 dioit
147 3556 313 3621 tondendae
344 3556 373 3621 ei
407 3558 553 3640 pecuniae,
589 3577 657 3641 quae
686 3575 721 3622 er
749 3557 859 3621 multis
889 3554 954 3619 illis
976 3553 1107 3620 navibus

51 3655 222 3726 efficeretur
271 3664 457 3728 Pellaeas
479 3663 640 3746 quidem
662 3665 720 3728 eet.
745 3662 858 3728 dieitur
880 3663 950 3726 noto
973 3659 1030 3725 illo
1049 3679 1107 3724 usu

50 3769 198 3844 particulae
221 3767 396 3852 quidem,
427 3788 487 3853 quo
515 3772 670 3836 eouoessio
699 3767 895 3852 coniungitur
915 3787 987 3834 oum
1007 3766 1105 3832 eleva·

50 3871 124 3940 tione
145 3876 178 3940 et
199 3859 393 3954 refutatione,
416 3876 453 3940 do
475 3894 534 3960 quo
558 3893 616 3940 usu
638 3874 700 3946 diri
724 3876 764 3942 ad
779 3876 841 3942 Cio.
860 3874 897 3941 do
913 3875 998 3940 l'inn.
1014 3875 1040 3952 Ι,
1056 3872 1104 3936 35.

51 3978 207 4052 (Velatae
227 3982 290 4046 iarn
312 3981 382 4046 aliis
404 3983 435 4045 in
457 3983 594 4048 mentem
616 3986 765 4060 venerat.)
943 4063 946 4068 ἱ

124 4088 216 4153 ·lbid.
242 4088 297 4152 41:
332 4087 412 4153 nisi
441 4088 473 4152 O.
503 4088 674 4154 Oaesaris
706 4106 856 4155 summa
888 4088 925 4153 in
957 4102 1105 4165 omues,
