2740 4572
444 228 586 286 Cioeronia
604 229 737 299 epistola.
1022 228 1081 294 191

41 423 197 492 armati
219 425 258 491 iu
280 426 552 492 Tusculanum
573 425 851 493 mitterentur.
894 428 936 493 ld
965 427 1124 512 quidem

41 531 146 598 mihi
178 530 418 611 videbatur,
451 531 521 600 sed
553 533 773 598 cavendum
804 535 937 600 tamen
970 536 1014 600 ut
1048 533 1123 600 ille

40 655 121 718 qne
141 638 283 722 plures
305 637 496 704 videnda.
525 638 599 705 Sed
621 639 783 723 aliquid
803 640 1012 706 orantiuua
1033 637 1145 708 dies*

39 742 94 806 ad
128 743 392 828 cogitandum
423 745 540 812 nobis
572 745 675 813 dare.
728 747 796 814 litei
829 746 977 814 abhorreo
1010 747 1048 812 ab
1082 747 1123 814 iie

38 849 122 914 loeis
155 850 442 929 commemorandis,
476 851 507 917 in
541 853 654 935 quibus
681 871 719 916 no
748 852 900 935 opinando
929 852 1053 936 quidem
1082 851 1122 918 ad

38 956 163 1022 eertum
187 957 324 1041 aliquam
347 960 379 1023 et
401 957 557 1026 definitam
584 959 699 1025 reotius
725 957 880 1025 scribendi
901 958 1030 1024 sormam
1053 977 1121 1042 per·

37 1063 149 1127 venire
170 1063 298 1147 possim,
319 1062 400 1130 libet
420 1065 524 1130 tamen
548 1067 687 1149 exemplo
708 1070 890 1144 monstrare,
922 1065 1120 1149 quemadmo-

38 1168 129 1245 dum,
153 1166 279 1234 etiamsi
301 1169 421 1236 absolvi
443 1171 617 1237 emendatio
639 1172 781 1256 nequeat,
804 1173 910 1256 primur
931 1177 1034 1237 tameo
1056 1172 1121 1237 eius

35 1274 134 1340 lineae
157 1275 232 1341 duoi
253 1279 285 1340 et
305 1277 369 1341 veri
392 1275 557 1362 exquisitio
579 1278 765 1361 quibusdam
784 1277 897 1346 linibus
911 1278 1120 1345 oiroumsoribi

36 1381 153 1464 possit.
199 1381 338 1448 Primum
373 1383 454 1466 quod
486 1387 559 1450 ante
592 1383 813 1451 videbatur
847 1383 980 1450 editores
1002 1382 1121 1449 addunt

36 1506 117 1552 nou
143 1487 213 1565 (alii
235 1487 340 1554 haud
362 1489 524 1568 anteiri),
546 1509 646 1575 neque
668 1490 805 1556 excidere
828 1490 861 1557 id
876 1487 967 1554 luoile
987 1491 1119 1572 poterat,

36 1611 143 1677 neque
166 1596 251 1659 reete
274 1595 386 1662 dieitur
413 1596 453 1661 id
475 1615 550 1662 uon
572 1594 704 1661 videri
726 1616 781 1680 pro
804 1615 849 1674 eo,
873 1595 955 1680 quod
976 1597 1119 1660 estnon

36 1701 177 1766 videri
199 1719 333 1766 verum
355 1709 410 1780 (-
432 1722 504 1768 uam
526 1703 615 1786 longe
636 1703 727 1768 aliter
748 1703 787 1768 de
806 1703 929 1768 deereto
951 1702 983 1767 et
1004 1700 1118 1767 indioio

36 1806 159 1872 dieitur
185 1807 315 1873 videri
338 1809 487 1874 autnon
510 1809 641 1874 videri
664 1816 727 1887 -),
750 1809 783 1874 et
803 1828 896 1892 pravo
918 1809 986 1875 looo
1009 1807 1040 1875 in
1062 1809 1119 1875 huo

38 1913 193 1978 orationis
215 1913 315 1978 forma
337 1915 459 1998 ponitur
481 1913 650 1998 quidem.
694 1915 849 2000 Scriptum
865 1915 968 1982 fuerat
982 1913 1022 1982 ad
1037 1914 1117 1980 hano

37 2019 195 2085 formam:
230 2055 270 2066 —
292 2020 568 2086 mitterentur.
614 2022 946 2106 <Ementitum>
968 2022 1005 2085 id
1030 2022 1118 2104 qui-

38 2124 126 2188 dem
151 2125 251 2188 mihi
272 2124 509 2204 videbatur,
538 2127 608 2193 aed
630 2130 688 2194 oet.
742 2127 861 2192 Deinde
883 2127 914 2190 in
937 2127 1052 2191 litteris
1074 2128 1118 2190 ut

38 2231 116 2295 ille
140 2249 214 2315 que
236 2230 316 2295 latet
338 2233 566 2298 substantivum
583 2233 723 2299 feminini
738 2233 859 2317 generis
874 2231 1023 2316 particula
1045 2250 1116 2314 que

37 2336 224 2402 adiunctum
237 2338 473 2422 significantque
489 2338 615 2424 aliquid,
632 2340 713 2425 quod
724 2337 910 2405 defensionis
922 2335 1116 2420 praesidiique

38 2461 133 2507 eausa
169 2442 479 2526 circumspiciendum
513 2448 546 2510 et
581 2445 821 2529 comparandum
857 2445 914 2520 sit;
952 2445 997 2509 sio
1034 2442 1116 2508 enim

39 2548 168 2628 ponitur
188 2548 326 2614 videre
348 2551 399 2616 hio
421 2551 458 2630 V,
482 2552 511 2629 1,
538 2550 567 2631 3,
592 2553 682 2617 Tuae.
706 2553 763 2631 ΙΙΙ,
785 2551 836 2631 46,
870 2550 907 2615 de
930 2550 981 2615 Or.
1004 2550 1061 2628 ΙΙΙ,
1086 2549 1115 2610 2.

38 2654 155 2718 Fuitne
178 2654 387 2739 tutelaque?
436 2657 630 2742 Quamquam
668 2679 764 2724 unum
796 2657 966 2722 Varronem
1001 2656 1114 2721 testem

38 2761 133 2825 huius
158 2761 291 2826 nominis
316 2761 427 2845 plurali
456 2783 582 2829 numero
615 2767 709 2847 positi
738 2764 847 2831 habeo.
899 2764 1060 2829 Postremo
1083 2764 1114 2827 in

39 2866 110 2932 sed
146 2869 232 2948 (poet
264 2866 337 2943 -de)
366 2869 465 2935 latere
498 2870 628 2936 arbitror
662 2871 759 2938 debet
788 2871 922 2950 (debet
956 2868 1114 2953 aliquid

39 2972 253 3038 crastinus
285 2974 372 3040 dies
396 3021 403 3037 .
427 3021 434 3037 .
457 2977 574 3042 nobis
608 2978 725 3056 dare),
761 2979 852 3062 quod,
885 2979 923 3043 ut
955 2977 1039 3056 alibi,
1076 2975 1114 3039 de

38 3079 261 3162 probabilitate
282 3081 335 3161 rei,
359 3101 451 3166 quam
468 3083 549 3148 soleo
563 3082 700 3168 logicam
714 3084 933 3149 necessitatem
951 3083 1116 3166 appellare,

39 3187 165 3252 dieitur.
210 3185 273 3252 Sed
294 3187 360 3253 haeo
381 3187 592 3255 hariolationis
621 3192 721 3275 magis
743 3208 836 3274 quam
858 3189 949 3254 oertee
972 3189 1115 3254 emenda·

38 3293 137 3358 tionis
159 3291 223 3359 vim
245 3294 383 3360 obtinere
405 3294 468 3359 iam
492 3295 563 3360 dixi.

143 3411 225 3477 Ibid.
249 3413 298 3492 20,
321 3414 359 3479 22
389 3414 548 3497 ltaque,
582 3413 634 3479 mi
664 3413 820 3493 Attice,
853 3410 1023 3477 fortiter
1044 3410 1115 3476 hoo

41 3519 165 3584 velim
192 3519 390 3600 accipias,
424 3522 466 3584 ut
499 3536 569 3603 ego
596 3522 745 3587 serito:
769 3519 902 3586 Genus
923 3516 1030 3584 illud
1051 3518 1115 3582 in-

41 3625 212 3702 teritur,
249 3644 323 3708 quo
359 3643 554 3691 censuros
592 3628 671 3705 est,
714 3627 856 3694 foedum
893 3626 1039 3692 duoona
1077 3627 1116 3689 et

42 3730 159 3815 quasi
194 3729 480 3798 denuntiatum
515 3735 631 3799 nobis
667 3735 714 3800 ab
753 3732 928 3800 Antonio
966 3751 1008 3798 ex
1043 3732 1115 3796 hae

42 3858 162 3905 nassa
195 3839 303 3904 exire
337 3839 553 3920 constitui,
592 3859 665 3906 non
698 3841 746 3907 ad
778 3841 929 3926 fugam,
965 3841 1034 3906 aed
1068 3839 1115 3904 ad

43 3964 151 4029 spem
177 3945 320 4012 mortis
350 3946 545 4012 melioria.
597 3945 703 4014 (tenus
724 3949 869 4015 interitus
892 3948 987 4014 nobili
1011 3945 1114 4028 aliquo

44 4051 178 4136 exemplo
211 4052 401 4119 illustratum
430 4053 592 4138 signifieat.
646 4055 693 4120 Ex
719 4054 894 4123 litterarum
917 4051 1059 4138 vestigiis
1081 4051 1114 4114 id
