2712 4576
416 292 555 372 Ciceronis
573 293 719 349 orationes.
1004 291 1063 355 139

12 372 19 533 Ι
46 488 198 556 subiicitur
221 491 376 557 sententia
397 490 525 575 simplex
550 491 582 557 at
608 490 859 571 demonstrativa,
889 491 927 556 ab
956 489 1103 557 hocloco

45 595 136 662 adana
157 596 269 675 est.)*)

133 811 182 876 lle
206 809 298 877 domo
320 812 355 880 l:
377 809 452 888 Hic
473 812 515 877 tu
536 829 593 876 mc
615 809 739 877 etiam
763 856 932 875 ......
954 811 1104 878 hostem

47 915 317 1002 Capitolinum
342 915 550 1002 appellare
577 935 697 983 ausus
725 937 781 996 as,
816 918 935 1003 quod,
964 937 1047 983 oum
1068 919 1106 983 in

11 946 16 1094 ,Ι
46 1021 246 1106 Capitolio
276 1028 459 1088 senatum
491 1022 564 1089 duo
597 1023 782 1093 consules
819 1024 1033 1102 haberant,
1063 1042 1105 1090 eo

11 1130 237 1195 uenirem?
282 1130 348 1195 Hoc
380 1129 426 1195 sio
453 1129 529 1196 dicit
529 1147 586 1212 ιιι,
598 1133 758 1214 tamquam
780 1130 906 1198 Clodius
927 1127 1107 1196 Ciceronem

45 1235 102 1298 tum
130 1234 246 1317 ipsum,
278 1254 348 1300 oum
379 1236 410 1300 in
437 1236 589 1311 sanatum,
619 1236 674 1319 qui
703 1235 737 1302 in
758 1236 911 1320 Capitolio
934 1235 1107 1318 haberetur,

46 1342 181 1419 uouisset,
204 1341 252 1406 ita
272 1342 468 1425 appellasset.
522 1343 582 1408 Sed
612 1343 717 1426 agitur
738 1342 777 1408 da
800 1342 935 1410 convicio
956 1361 1052 1426 nuper
1074 1343 1107 1410 in

11 1438 12 1445 ’
46 1446 212 1513 Ciceronem
248 1449 286 1514 ab
319 1448 424 1516 clodio
460 1449 607 1516 coniecto.
665 1449 775 1533 ltaque
810 1448 1005 1542 scribendum
1043 1449 1106 1513 est:

47 1554 140 1636 quod
164 1600 273 1618 .....
295 1555 448 1622 venerim.
472 1557 614 1639 (Propter
629 1554 759 1622 eandem
775 1575 897 1622 causam
913 1557 945 1622 in
961 1553 1106 1640 proximis

48 1662 140 1728 vorbis
160 1663 318 1728 retentum
339 1662 482 1744 oportuit,
510 1665 548 1728 ut
575 1681 657 1728 nuno
679 1661 768 1729 rideo
791 1663 898 1730 iecisse
920 1662 1106 1748 Kaysarnm,

48 1770 214 1848 uenisse,
249 1787 303 1852 pro
336 1787 395 1852 quo
428 1768 459 1834 iu
489 1767 583 1834 Peot
605 1768 798 1844 venistis,
821 1789 881 1836 non
903 1769 1106 1835 substitutum

48 1875 200 1953 uenire.)

77 2055 80 2062 ’
138 2041 219 2107 llrid.
234 2041 288 2108 18:
311 2041 408 2107 Num
428 2041 559 2126 igitur
580 2043 617 2108 in
639 2041 710 2108 hoc
731 2041 891 2121 officio,
915 2043 1109 2126 quodtuit
1184 2047 1186 2053 “

51 2147 241 2231 precipue
264 2168 404 2224 meum,
433 2149 642 2214 sententia
663 2166 747 2214 mea
769 2148 1107 2231 reprehenditur?

11 2242 15 2259 ⁵
52 2253 131 2320 Rern
161 2254 369 2320 maximam
397 2253 526 2322 luisse
548 2256 744 2338 (potuisse
769 2255 806 2331 P)
828 2254 968 2319 summi
998 2252 1108 2336 peri·

52 2361 124 2425 culi
159 2379 232 2427 non
267 2361 395 2426 solum
429 2380 448 2427 a
479 2361 598 2435 fame,
628 2359 1024 2431 sedetiamacaede,
1047 2359 1107 2422 in·

53 2468 218 2542 conniis,
245 2468 461 2542 vastitate,
490 2487 601 2534 nemo
630 2471 751 2551 negat
777 2468 835 2532 cot.
879 2465 956 2531 Post
976 2463 1106 2530 fuisse

51 2593 139 2657 nuper
161 2593 177 2639 e
199 2573 396 2640 Mommsenii
418 2575 592 2641 coniectura
613 2573 755 2640 additum
778 2575 827 2639 ost
848 2574 902 2650 et,
934 2574 984 2639 rin
1006 2571 1108 2638 oooul-
1193 2659 1196 2666 Ι

50 2681 118 2759 tato,
147 2680 262 2746 nedum
294 2679 414 2746 sublato
444 2682 569 2758 mendo;
595 2669 671 2765 quid
693 2685 741 2746 est
762 2679 843 2745 enim
866 2679 931 2758 hoc,
955 2677 1109 2744 neminem
1171 2749 1174 2755 ,

52 2804 259 2871 repararem
280 2788 487 2854 maximam
504 2786 647 2854 fuissent
668 2807 745 2852 ram
769 2787 911 2853 summi
933 2785 1109 2870 periculi

52 2895 208 2960 alama?
251 2893 340 2959 lirror
368 2897 454 2960 ortus
483 2894 605 2960 videtur
627 2912 664 2959 ex
684 2912 831 2960 concursu
852 2893 1003 2960 similium
1024 2893 1110 2958 litta-

53 3015 147 3065 raurm
180 3019 250 3066 cum
283 3000 499 3067 terminatione
530 3000 617 3067 verbi
649 2998 849 3082 praeoedantis
877 2999 1109 3083 (reprohen-

52 3103 167 3184 ditur)
179 3107 261 3189 scrip
263 3107 390 3190 tumque
404 3107 515 3173 luisse
530 3107 715 3190 <derro>
716 3123 784 3172 rcrn
796 3104 967 3172 maximnm
981 3105 1111 3171 fuisse

7 3176 13 3265 Ι
55 3212 187 3279 summi
209 3213 393 3298 periculi.
444 3214 488 3280 Ex
509 3216 695 3299 potuisse
716 3214 845 3279 fortasse
867 3209 1111 3290 iaciendumt
1063 3214 1111 3277 est

7 3274 12 3333 i

5 3440 278 3684 Ιᾝ-
102 3575 159 3647 *15
184 3577 218 3632 16
241 3585 316 3634 recte
339 3593 402 3646 mc,
431 3575 539 3645 quod
530 3591 559 3628 ιιι
586 3573 726 3630 codicibus
751 3579 815 3644 post
841 3577 907 3628 tum
935 3571 1052 3640 additur,
1081 3588 1112 3628 ar

146 3677 287 3740 postrema
304 3673 363 3728 eins
381 3669 524 3741 particulae
542 3670 635 3726 littura
653 3675 751 3737 ortum,
770 3666 943 3737 aprioribus
961 3666 1112 3723 editoribus

148 3765 285 3821 sublatum
304 3777 373 3832 asse,
396 3763 556 3834 pravissime
574 3779 592 3818 a
609 3763 808 3819 recentioribus
827 3761 946 3820 deletum
964 3775 1026 3818 esse
1044 3775 1113 3824 ros,
1122 3751 1125 3758 ’

148 3860 189 3914 vel
217 3858 291 3914 solus
318 3859 462 3914 verborum
488 3857 556 3912 ordo
584 3856 712 3925 ostendit,
738 3872 799 3911 oum
822 3854 978 3912 necessario
1003 3853 1112 3909 coniun-

148 3959 249 4020 gantur
265 3953 338 4007 haec:
357 3959 423 4006 tum
441 3968 474 4006 ιιι
492 3949 681 4021 perorando
699 3949 828 4020 posunt
848 3949 896 4004 sed
909 3948 994 4004 morito
1011 3945 1113 4000 clarius

150 4045 298 4115 sententia3
318 4045 418 4100 dicitnr
435 4045 516 4112 enim,
528 4051 647 4113 qrrantus
666 4045 785 4099 omnium
804 4057 958 4098 consensus
971 4041 998 4094 in
1011 4035 1112 4107 populo

148 4154 197 4207 pro
219 4137 349 4193 Cicerone
366 4137 488 4207 rogando
506 4137 597 4193 iurarit.
