2740 4572
537 186 659 242 Tacitus.
810 193 814 200 '
1029 186 1090 248 247.

59 385 113 446 aut
136 366 314 448 communis
336 384 428 461 notio,
449 402 509 467 qua
524 383 588 448 haee
602 400 724 464 prorsus
741 384 891 450 contraria
906 382 1131 454 contineantur.

9 486 10 489 ’
58 487 180 553 additis
212 489 382 571 praesertim
414 489 455 554 ad
487 489 746 571 comparationem
775 491 942 556 notandam
970 489 1130 572 particulis

59 597 100 658 ut
123 629 169 642 -
191 583 259 660 ita.
308 594 421 661 Omnia
442 593 619 663 rectissima
640 599 739 672 erunt,
760 595 787 660 si
809 595 983 678 scripseris:
1007 597 1131 678 utque

8 774 10 796 μ
59 700 107 764 ad
129 700 359 767 fallendum
381 700 557 768 silentio
579 702 779 784 <iaraut>‚
802 701 861 766 ita
882 704 1010 783 ncepta
1032 703 1130 768 cauo

58 809 118 872 eet.
164 805 329 872 ,contram
350 805 509 876 contrariis
535 806 715 885 redduntur,
744 807 902 875 silentium
933 804 1129 884 clamoribus,

9 886 11 912 ι
57 915 119 978 iter
150 913 260 996 empta
292 914 377 979 caedi.
435 914 579 980 Airarrari
612 913 703 980 facila
736 913 855 998 poterat
887 912 1130 994 praecedentibus

56 1020 176 1085 litteris
198 1020 250 1096 io,
273 1020 470 1102 sequentibus
491 1019 578 1085 ita.

164 1170 325 1256 Agricolae
356 1191 452 1236 unum
485 1172 584 1237 loonio
616 1174 780 1257 attingam,
809 1155 834 1238 c.
848 1159 907 1248 30,
937 1171 990 1237 nbi
1018 1172 1050 1235 in
1073 1169 1130 1236 hac

58 1277 233 1365 scriptura:
266 1276 346 1345 Nos
378 1279 578 1356 terrarum
609 1296 652 1344 ae
683 1278 898 1370 libertatis
932 1285 1129 1366 eutramos

57 1401 253 1450 recessus
284 1385 369 1472 ipse
402 1405 445 1452 ae
474 1385 587 1452 ainus
618 1385 728 1450 famae
750 1387 789 1452 in
813 1386 914 1450 hunc
935 1384 1039 1449 diam
1062 1383 1129 1448 de-

8 1435 11 1572 i
60 1489 214 1564 fendit;
238 1508 338 1556 nuno
360 1491 564 1557 terminus
585 1491 807 1558 Britannia
828 1492 943 1573 patet
960 1507 1129 1574 numquam

60 1595 117 1659 aut
151 1595 217 1676 ipse
251 1598 423 1684 excogitare
446 1598 551 1681 potui,
582 1598 652 1682 quis
685 1603 767 1669 caseo
799 1596 911 1662 sinna
941 1598 1066 1676 famae,
1097 1597 1129 1688 et

8 1713 10 1815 f
62 1701 217 1782 quomodo
251 1701 302 1768 hie
334 1703 417 1770 sinus
446 1703 608 1772 defendere
640 1705 804 1792 Britannos
832 1702 993 1788 potuisset
1014 1704 1069 1767 aut
1090 1703 1128 1768 ab

9 1820 11 1897 g
60 1806 132 1871 aliis
155 1807 201 1872 ita
223 1809 401 1892 expositum¹
414 1808 488 1886 vidi,
508 1809 780 1896 utintelligerem3
804 1812 846 1876 rei
862 1810 992 1876 alicuius
1007 1827 1128 1894 magnae

7 1922 9 1989 ἶ
60 1931 97 1978 ac
119 1913 267 1980 terribilis
289 1914 372 1980 fama
393 1913 519 1982 defendi
544 1913 679 2002 aliquem
704 1935 793 2000 possa
815 1915 902 1982 uideo
924 1918 956 1982 et
976 1916 1128 2001 intelligo.

8 2033 10 2133 5
62 2018 173 2102 Itaque
189 2038 321 2106 ¹prorsus
347 1997 542 2090 scribendum
571 2021 719 2088 arbitror:
736 2040 937 2110 ,recessus
970 2003 1057 2103 ipse
1087 2040 1129 2090 ae

62 2125 177 2208 sinus
199 2126 286 2212 fama
314 2127 352 2190 in
383 2125 486 2212 hunc
518 2127 624 2195 diem
657 2126 851 2194 detenuit.
898 2127 1027 2192 Famam
1049 2126 1127 2193 dicit

7 2239 8 2244 ’
62 2232 210 2298 immensi
226 2234 391 2316 gterrarnm
412 2234 497 2300 sinus
519 2233 586 2300 siue
608 2234 667 2301 fine
690 2231 905 2317 procurrentis.
962 2231 1026 2312 [Sic
1046 2233 1129 2320 ⁴Bor·

61 2336 250 2418 hornius.]*)

505 2507 685 2576 Suetonius.

7 2545 12 2766 J
162 2671 244 2756 Aug.
272 2677 324 2738 10:
358 2673 431 2737 Sed
461 2667 949 2740 adversante'conatiuus
977 2676 1061 2738 s'uis
1083 2672 1126 2736 Μ.

62 2777 237 2844 Antonio
266 2768 431 2845 consula
452 2795 462 2842 ·.
479 2789 493 2842 ’.
517 2825 524 2842 .
546 2795 588 2845 ao
610 2799 655 2846 ne
677 2781 882 2863 publicum
908 2765 1065 2865 qnidam
1089 2781 1128 2845 et

61 2882 353 2950 translatiuum
382 2887 443 2952 ins
470 2885 555 2953 ulla
581 2887 620 2953 iu
651 2907 690 2953 re
719 2886 799 2952 sibi
829 2889 916 2953 sine
939 2881 1126 2970 pactione

61 2991 315 3088 gravissima
337 2993 536 3090 mercedis
558 2980 1133 3076 impertiente,ad'optimates

97 3259 147 3330 ..*)·
161 3259 191 3314 G.
208 3259 245 3317 88
271 3261 380 3320 mallem
405 3277 457 3333 pro
484 3259 636 3322 redierat
662 3259 834 3322 scribendum
861 3259 986 3338 dixissem
1010 3258 1127 3334 rediret,

161 3369 216 3410 non
234 3353 391 3410 reditura
407 3362 493 3423 erat,
512 3355 727 3434 omisissemqna
746 3369 808 3422 quae
819 3353 1022 3438 inconsiderate
1035 3352 1128 3413 addidi

77 3433 79 3438 ’
162 3447 196 3502 de
213 3447 359 3508 Britannia
376 3432 615 3519 circumnavigata,
633 3447 667 3502 de
680 3439 739 3515 'qua
756 3447 900 3518 perspicue
912 3446 1023 3502 Tacitus
1042 3447 1127 3518 scrip·

113 3539 114 3542 ’
163 3539 199 3593 sit
213 3555 239 3593 c.
260 3540 301 3594 10.
346 3539 418 3595 Illud
446 3541 485 3597 sic
511 3541 600 3608 doleo,
630 3539 857 3608 quemadmodum
882 3540 912 3593 in
937 3539 981 3594 iria
1005 3539 1126 3594 minutiis

101 3629 105 3648 ·“
132 3633 134 3640 “
162 3632 257 3704 dolere
276 3632 381 3701 aliquid
398 3619 454 3704 'pru¹
467 3639 518 3701 est,
538 3647 618 3701 qnam
633 3632 663 3686 in
677 3631 806 3702 Agricola
819 3631 937 3687 omnium
950 3632 1127 3687 certissimam

7 3669 11 3894 ι
143 3721 191 3779 set
219 3723 254 3779 ad
280 3725 371 3781 Taciti
397 3723 583 3782 undationem
611 3723 811 3795 expediendam
837 3718 953 3780 m'airime
979 3719 1127 3780 notabilem

160 3817 213 3872 feci
232 3818 459 3887 emendationem,
473 3819 603 3874 caunac
621 3817 652 3872 in·
668 3831 692 3872 c.
711 3819 747 3873 24
765 3817 940 3872 Sabrinam
967 3825 1017 3886 pro
1043 3807 1126 3870 nate

160 3911 280 3980 prima,
307 3916 379 3968 eaur'
396 3912 431 3968 ab
457 3911 574 3979 Haterio,
601 3909 676 3979 quon
695 3915 784 3968 extra
806 3909 928 3970 ordinem
944 3909 1037 3984 posita
1054 3909 1127 3988 uasat

7 3945 12 4192 b
162 4003 243 4074 (Adv.
264 4004 329 4060 Orit.
351 4004 362 4058 l
385 4022 412 4074 p.
439 4003 490 4060 147
508 4005 569 4074 aa),
588 4002 697 4078 cumino
710 4019 770 4078 non
789 4017 849 4059 ease
863 3987 1089 4078 animaduersam.
