2740 4572
438 262 577 322 Ciceronis
596 265 729 335 epistolae.
1014 267 1073 330 193

53 462 90 541 Q.
109 459 248 526 Ciceroni
263 501 267 508 -
280 459 410 525 comites
441 463 474 525 et
505 463 661 529 adiutores
690 461 819 538 dederit,
850 481 918 528 cum
945 463 1116 530 certissime

51 584 156 633 omnes
178 584 228 632 res
244 566 378 650 publica
401 566 520 634 dederit
542 570 633 652 atque
655 570 695 634 ab
717 569 775 634 hoo
797 569 862 634 toto
877 586 989 652 genere
1005 568 1116 634 deinde

51 675 231 756 separentur
251 672 285 749 ii,
308 691 383 756 quos
405 673 549 756 priuatim
564 674 625 740 sibi
641 672 775 752 Quintus
789 675 990 739 adiunxerat?
1014 674 1117 740 Mani-

50 778 254 844 festissimum
277 781 325 844 est
344 779 492 844 mendum
506 779 556 845 hic
571 781 706 857 subesse,
721 779 803 862 quod
816 779 988 845 obscuriore
1002 779 1117 846 indicio

49 885 160 967 siquis
184 884 335 965 suspicari
355 886 461 967 posset
481 886 531 951 vel
553 905 588 950 er
615 886 672 951 hoc
693 902 842 951 concursu
864 885 983 951 insuavi
1005 903 1117 967 prono-

51 992 167 1055 minum
192 988 262 1054 hos
284 1008 349 1056 cos
371 1009 477 1074 quos.
507 990 612 1057 Cicero
633 991 814 1074 scripserat:
837 992 959 1073 atquc
979 991 1118 1058 interest

50 1097 124 1162 hoo:
148 1113 233 1172 eos,
256 1114 353 1179 quos
375 1097 454 1161 tibi
476 1143 603 1161 .....
626 1095 886 1179 respublica,
910 1098 1118 1162 dumtaxat
1204 1161 1208 1168 .

50 1201 207 1267 finibus
245 1201 298 1265 iis
335 1202 570 1284 prestabis,
608 1221 704 1287 quos
739 1206 832 1268 onte
868 1202 1118 1284 praescripsi3

50 1326 147 1390 quos
170 1326 265 1372 uero
288 1308 357 1372 aut
379 1327 422 1372 ex
444 1308 684 1374 domesticis
702 1307 1030 1376 convictionibus
1051 1315 1119 1376 aut

50 1435 91 1480 er
123 1413 375 1480 necessariis
406 1415 737 1497 apparitionibus
771 1416 900 1479 tecum
932 1433 1018 1480 esse
1050 1436 1118 1482 vo·

51 1521 174 1586 luisti
197 1564 295 1596 ....‚
320 1519 455 1585 horum
479 1537 550 1585 non
576 1520 687 1602 modo
710 1519 893 1586 iactacet
929 1519 980 1586 Sic
995 1523 1118 1587 demum

50 1627 134 1693 recte
157 1627 219 1692 duo
240 1625 390 1691 contrarie
411 1645 522 1711 genero
544 1626 769 1710 separantur.*)

152 1731 234 1798 Ibid.
257 1735 278 1813 ξ
300 1732 357 1797 40:
391 1731 467 1797 Sed
499 1733 686 1814 qnoniam
713 1732 866 1814 primus
897 1752 1020 1799 annus
1049 1735 1118 1799 ha-

12 1881 13 1888 1
52 1840 144 1905 buit
166 1837 212 1902 de
235 1839 305 1903 hac
326 1837 644 1921 reprehensione
666 1838 882 1919 plurimum
905 1840 1120 1919 sermonis,

12 1949 13 1954 ’
52 1946 171 2012 oredo
194 1947 426 2028 propterea,
453 1945 555 2028 quod
578 1943 657 2009 tibi
678 1945 877 2010 hominum
898 1945 1059 2011 iniuriae
1079 1993 1086 2010 .
1103 1994 1120 2026 .‚

12 2099 13 2102 ,
52 2051 156 2132 qnod
176 2049 401 2116 insolentia
421 2051 1038 2133 prseteropiniouemuccidcbat
1054 2099 1060 2114 .
1077 2098 1085 2116 .
1102 2099 1121 2130 .‚

53 2157 255 2224 secundus
278 2159 410 2221 autem
433 2157 561 2222 multo
583 2157 731 2235 lenior,
760 2156 862 2238 quod
890 2159 929 2221 et
953 2176 1120 2222 consue·

56 2262 154 2328 tudo
179 2263 219 2327 et
241 2261 348 2326 ratio
371 2307 504 2324 .....
524 2267 565 2328 τε
586 2262 880 2344 patientiorem
902 2261 1122 2326 leniorem·

12 2361 13 2419 ἒ
54 2387 127 2452 que
172 2368 377 2443 iecerunt,
420 2369 572 2434 tertius
615 2388 741 2434 annus
784 2368 844 2432 ita
881 2368 1001 2433 debet
1035 2387 1123 2433 esse

12 2477 13 2504 ³
55 2473 296 2539 emendatus
319 2476 376 2538 cet.
426 2472 789 2557 RecteWesenbergius
818 2473 917 2538 sensit
944 2492 1005 2539 non
1032 2492 1122 2556 posue

55 2600 90 2645 ex
113 2579 260 2646 hebuit
281 2580 314 2643 in
337 2581 433 2644 altero
453 2580 592 2646 membro
611 2579 715 2644 audiri
737 2578 818 2644 fuit
839 2582 871 2644 et
884 2579 954 2646 ideo
970 2581 1027 2645 hoo
1042 2580 1122 2663 apud

12 2711 13 2728 u
55 2685 192 2750 lenior
226 2684 299 2749 addi
330 2685 463 2752 volebat.
516 2685 576 2750 Sed
607 2686 708 2767 ipsum
741 2686 796 2750 hoc
831 2685 1017 2752 adiectivum
1050 2689 1123 2751 ante

55 2792 271 2868 leniorem,
304 2793 336 2857 in
368 2792 426 2858 hac
454 2791 625 2875 prasertim
648 2789 779 2874 epistola
801 2791 1039 2876 diligentissime
1061 2794 1125 2858 elu-

57 2900 176 2974 torata,
206 2897 341 2982 graviter
370 2897 509 2963 offendit.
562 2896 634 2962 Sine
657 2897 751 2963 dubio
773 2897 879 2964 Cicero
902 2899 1040 2981 scripsit:
1062 2917 1125 2964 se-

57 3003 214 3070 cundus
237 3005 368 3069 autem
391 3002 516 3068 multo
539 3001 693 3070 leviorem
715 3009 897 3079 (sermonem
920 3005 1051 3084 habuit).

161 3109 240 3174 Ibid.
262 3110 292 3188 3,
310 3111 346 3174 1:
369 3109 444 3174 Sed
467 3114 577 3174 certe
599 3127 617 3174 a
638 3111 677 3174 te
700 3107 797 3172 mihi
819 3110 948 3173 omnia
969 3129 1125 3193 semper

56 3217 231 3281 honesta
264 3219 303 3281 et
335 3215 507 3280 ineunda
538 3215 792 3292 ceciderunt;
824 3235 843 3279 a
876 3233 933 3284 me
961 3215 1038 3280 tibi
1067 3218 1125 3282 oet.

56 3324 156 3387 Recte
191 3320 349 3404 aliquid
382 3320 555 3386 iucunde
589 3321 717 3386 alicui
749 3321 891 3387 eadere
923 3320 1043 3396 dicitur,
1067 3339 1126 3385 non

57 3431 135 3494 item
171 3429 302 3493 omnia
333 3428 508 3493 iucunda
540 3428 668 3493 elicui
702 3427 861 3503 cadere,
889 3424 1059 3507 praesertim
1081 3426 1126 3490 ab

12 3579 13 3586 r
59 3535 173 3618 aliqu
182 3553 209 3599 o.
258 3534 330 3598 Siue
353 3533 445 3599 dubio
460 3533 664 3610 scribendum,
681 3532 846 3616 geminatis
862 3531 980 3596 duobus
994 3531 1126 3597 litteris:
1216 3603 1220 3610 ,

59 3640 236 3706 iucunda
257 3638 457 3720 acciderunt
480 3639 738 3722 quemadmodum
761 3638 801 3704 ad
822 3639 889 3702 Att.
914 3639 937 3715 1,
959 3639 990 3716 5,
1013 3638 1128 3724 llscrr·

115 3908 145 3973 *p
167 3907 183 3976 ἓ
202 3907 227 3977 7,
247 3907 295 3962 ubi
313 3881 417 3963 editur:
443 3923 481 3964 ea
503 3913 611 3963 autem
630 3905 785 3961 adhibita
804 3905 958 3962 doctrina
976 3911 1039 3975 est,
1059 3920 1128 3974 quse

164 3999 218 4054 vel
230 4000 488 4056 vitiosissimam
499 4004 653 4054 naturum
668 4000 824 4056 excolere
837 4001 959 4070 possit,
972 3997 1129 4054 necessario

164 4092 339 4148 scribendum
358 4098 400 4149 est
419 4093 516 4163 posset.

897 4192 931 4246 13
