2712 4576
281 273 343 338 rm
649 273 908 343 mmmm

238 471 387 550 omnia,
408 491 491 555 quae
515 470 846 554 concupiverunt.
889 469 939 535 Sic
961 467 1093 535 codices.
1130 467 1192 547 Qui
1213 486 1322 550 nuper

240 579 330 644 aliter
362 579 556 663 interpuncta
587 577 724 643 oratione
758 578 829 641 ante
862 576 941 643 sibi
977 575 1227 657 interposuerunt
1259 575 1320 648 si,
1350 617 1351 620 =

241 686 422 752 conminus
445 684 631 750 sententiam
652 701 756 774 prava
784 682 972 749 condicionis
1002 682 1101 748 forma
1123 699 1216 764 quam
1239 699 1320 746 ora·
1350 727 1351 782 c

241 792 335 858 tionis
368 792 555 858 structuram
583 790 804 873 comederunt.
859 789 1062 856 scribendum
1091 789 1173 854 eret:
1202 786 1320 853 Aliam
1350 791 1351 840 l

240 900 344 965 viam
365 899 447 966 sibi
468 897 609 964 uident
631 895 923 978 expeditiorem
947 896 1047 972 oet.*)

340 1101 418 1168 Post
443 1098 513 1167 red
545 1097 588 1165 ad
617 1097 792 1174 cuin-10:
824 1100 877 1163 At
908 1098 953 1162 de
986 1115 1042 1162 me
1075 1100 1118 1163 ut
1149 1096 1319 1164 valeret

239 1217 356 1286 (rerum
377 1208 535 1291 gestarum
557 1203 733 1282 memoria),
762 1193 918 1287 semper
944 1204 1111 1269 senatus
1133 1203 1319 1287 flagita·
1350 1269 1351 1276 χ

239 1314 317 1391 uitc
339 1308 1316 1396 utaliquandoproficeret‚cumprimumlicnit,
1350 1327 1351 1382 l

240 1419 474 1502 frequentia
510 1419 632 1501 atque
667 1416 919 1484 auctoritate
955 1416 1140 1500 perfecit
1205 1417 1318 1482 inanis
1350 1401 1351 1478 J

239 1525 359 1609 aliquid
382 1525 468 1592 lusus
490 1525 538 1589 est
559 1525 590 1588 in
612 1523 670 1590 hae
692 1524 918 1590 coniunctione:
943 1525 986 1589 nt
1011 1521 1315 1606 ..proficerat,

241 1669 282 1678 —
298 1632 489 1714 perfecit3
509 1649 609 1712 neque
630 1631 705 1694 satis
723 1629 850 1698 effectus
866 1630 911 1696 roi
926 1630 1116 1714 significatur
1130 1628 1318 1711 proficiendi

240 1737 342 1803 verbo.
390 1736 426 1800 In
452 1737 474 1800 P
496 1738 544 1801 est
565 1755 583 1802 a
604 1737 705 1818 prima
726 1755 818 1802 manu
841 1735 1034 1819 perficet’.
1069 1735 1315 1819 Opinorlnisse:
1350 1747 1351 1796 ;

240 1845 283 1908 ut
304 1841 523 1927 aliquando
544 1842 758 1930 pervinceret.
787 1841 885 1909 Paulo
901 1843 972 1925 post
987 1845 1068 1908 recte
1084 1841 1316 1908 Mommsenins

240 1948 320 2014 vidit
341 1948 559 2034 geminandum
583 1967 649 2014 esse
675 1937 858 2026 consillm
882 1949 936 2014 sed
959 1947 1155 2014 scribendum
1170 1950 1236 2013 erat
1251 1947 1316 2012 hoc

240 2055 361 2121 ordine:
394 2054 558 2121 inimico
591 2054 722 2120 autern
747 2101 754 2118 .
778 2102 786 2118 .
810 2101 817 2118 .
842 2101 849 2117 .
873 2054 1140 2138 <consule>‚
1173 2053 1314 2118 altero

239 2162 406 2228 consulo
428 2161 642 2226 referente.

338 2290 416 2356 Ibid.
448 2291 630 2384 idaeum
664 2289 795 2357 omnia
824 2309 907 2355 oum
941 2290 1124 2356 omnibus
1158 2288 1311 2354 foedere
1350 2266 1351 2298 ¹

239 2396 581 2465 reconciliatione
602 2397 826 2480 gratiarum
848 2399 1045 2480 sanguine
1066 2415 1148 2461 meo
1174 2397 1310 2460 sanci·

238 2508 389 2570 rentur.
434 2503 735 2578 Scribendumcsse:
758 2521 841 2569 cum
863 2502 998 2569 omnia
1015 2519 1099 2569 curn
1121 2500 1310 2567 omnibus

238 2609 388 2675 foedera
410 2610 533 2691 <ac>
553 2607 835 2676 reconciliationes
859 2607 1082 2693 gratiarum
1110 2607 1311 2691 sangnine

241 2735 322 2780 meo
352 2705 630 2795 sancirentur,
657 2715 689 2780 et
718 2699 875 2781 sententia
901 2715 1037 2781 ostendit
1057 2723 1113 2793 (-
1134 2731 1209 2779 nam
1236 2723 1308 2778 oum
1350 2777 1351 2814 1

239 2820 405 2886 foederibus
426 2867 429 2871 -
450 2820 602 2886 coherent
640 2821 809 2904 gratiarum
845 2821 1107 2888 reconciliationes
1146 2820 1309 2885 hominum
1350 2829 1351 2872 l

240 2927 332 2991 antea
367 2923 616 2992 dissentientium
648 2927 687 2992 ed
717 2928 891 2994 communia
923 2929 1051 2994 consilia
1085 2925 1309 3010 persequenda,
1350 2897 1351 2984 l

239 3051 307 3098 cum
339 3035 487 3117 sanguine
517 3031 667 3100 Ciceronis
698 3035 930 3116 perversissime
951 3034 1177 3118 coniunguntur
1198 3023 1253 3112 4.)
1277 3035 1311 3098 et

239 3138 368 3221 pluralis
391 3139 511 3206 numeri
532 3139 694 3224 genetivus
716 3141 977 3226 (gratiarum),
1001 3139 1146 3224 quoniam
1168 3139 1308 3222 alioquin

238 3245 584 3317 reconciliatione
605 3248 748 3332 gratiae
771 3246 967 3328 scribendum
987 3246 1063 3322 xfuit.
1118 3245 1242 3320 Excidit
1264 3265 1308 3310 ao

237 3354 308 3434 post
338 3371 365 3418 a.
414 3352 520 3432 (Initio
555 3353 740 3438 paragraphi
776 3354 883 3438 opinor
917 3351 1095 3420 Ciceronem
1131 3351 1308 3434 scripsisse:
1350 3339 1351 3360 ¹

238 3457 313 3523 Hic
328 3461 483 3546 quantum
501 3459 700 3526 interluit
721 3459 830 3526 inter
851 3479 909 3525 me
924 3463 962 3525 et
977 3458 1307 3525 inimicos'meos!

239 3562 318 3628 Nam
339 3565 396 3630 illa
419 3565 693 3650 figuraorationis,
725 3573 785 3649 que
813 3567 963 3633 vocabulo
995 3569 1150 3632 tantum
1184 3583 1237 3650 pro
1267 3568 1308 3629 nt

271 3833 319 3902 ⁴²¹³)
338 3833 425 3900 Quam
443 3834 541 3890 uellem
560 3835 680 3892 editores
704 3852 759 3890 non
785 3837 973 3907 corrupissent
997 3835 1012 3905 ᾗ
1033 3837 1066 3892 12
1085 3834 1227 3892 Ciceronis
1247 3851 1306 3889 ora·

250 3989 255 3995 ,
339 3927 440 3992 tionem
459 3927 681 3998 (existimatio
704 3936 819 3985 vestra
842 3930 1001 3997 tenebrae,
1026 3930 1078 3984 hoc
1097 3936 1148 3996 est,
1174 3929 1242 3997 qnid
1260 3943 1305 3983 uos

246 4090 248 4094 7
339 4021 372 4077 de
391 4037 420 4076 se
440 4021 608 4089 existimetis,
628 4026 804 4077 contemnunt
826 4039 858 4078 ac
882 4039 931 4093 pro
957 4022 1044 4077 nihilo
1063 4023 1176 4090 ducunt)
1195 4028 1305 4092 receptu

306 4145 310 4152 «
339 4113 502 4184 Pantagatbi
521 4113 687 4169 coniectura.
