2712 4576
12 179 14 282 d
426 245 564 303 Ciceronis
583 246 716 316 epistola.
1008 248 1066 310 177

12 395 14 480 1
141 441 222 512 rora.
244 442 274 522 3,
297 445 334 510 a:
364 443 546 528 Scaptio,
575 443 642 527 qao
672 443 712 508 aa
734 441 991 526 cappadocia
1010 444 1110 520 raro.

50 552 135 631 pato
167 568 255 616 esne
290 549 570 629 satisfactum
603 550 638 615 is
667 569 685 615 a
714 569 772 616 ma
801 550 859 615 cat
908 549 1111 618 Manifestum

12 691 13 718 1
50 655 146 720 estet
167 672 204 720 or
225 655 358 722 adiectis
379 655 443 722 illis
465 656 591 742 quiin
612 654 869 740 Cappadocia
896 655 978 723 onio
1012 658 1044 724 et
1076 677 1113 724 ax

12 771 13 856 t
49 760 90 841 iis,
111 779 182 845 qnae
203 761 317 829 deinde
340 766 512 844 narrantur,
537 765 670 829 altorum
692 762 744 829 hic
766 761 925 845 Scaptium
947 764 1111 842 nominari,

49 886 64 930 a
81 869 244 950 superiore,
268 868 322 952 qni
343 867 470 952 Cyprios
490 870 664 946 vexaverat,
686 869 851 948 divorsum,
874 887 967 952 qnam
983 872 1015 936 et
1032 870 1111 939 libe-

12 947 14 1056 1
50 972 146 1039 ralitcr
178 993 197 1040 a
230 993 262 1040 se
285 976 451 1041 macutum
479 995 535 1042 neo
562 975 622 1042 sibi
648 973 799 1040 offensum
820 973 925 1041 Sicano
947 975 1111 1060 significat

12 1079 13 1164 i
50 1078 101 1145 Sed
132 1083 166 1146 ct
197 1080 292 1146 durna
325 1083 373 1146 ost
404 1083 553 1148 transitus
585 1080 744 1158 orationis,
777 1081 811 1146 at
836 1080 940 1156 mandi
960 1081 1112 1149 indiciam

12 1199 13 1206 ¹
50 1185 162 1252 iaciunt
183 1187 312 1267 codices,
342 1188 375 1252 in
397 1188 509 1272 quibus
530 1188 677 1254 scribitur
705 1186 912 1270 Scaptiuo3
945 1189 977 1253 in
1009 1190 1111 1257 codice

49 1291 84 1355 W
104 1293 153 1358 est
174 1295 243 1358 aut
262 1295 461 1377 Scaptius.
498 1293 615 1377 Opinor
636 1295 780 1360 subesse:
801 1291 911 1360 Alteri
932 1292 1110 1382 oscapoiis.

141 1431 223 1498 lbio.
246 1433 275 1512 5,
297 1435 336 1496 4;
358 1433 527 1501 Valabis
553 1434 684 1520 igitur
711 1437 750 1498 at
770 1432 917 1516 pucllae
938 1434 1111 1502 salutem

51 1539 238 1606 Atticulae
272 1538 381 1605 dices
413 1544 642 1624 nostraque
672 1538 798 1604 Piliae.
853 1540 891 1604 In
913 1540 947 1604 Μ
969 1540 1113 1607 scribitur

51 1645 140 1726 prima
184 1664 277 1711 manu
321 1645 499 1736 salutem
537 1644 774 1711 asticnlate.
844 1645 952 1712 Fuisse
988 1649 1110 1732 opinor:

12 1751 13 1754 ’
52 1743 348 1842 Ἀττικωτάτῃ.
394 1753 628 1819 Dominutiaum
649 1749 805 1830 Latinum,
828 1751 909 1834 qnod
932 1753 1114 1839 Malaspinae

53 1858 224 1925 coniecturae
239 1860 376 1938 debetur,
399 1858 547 1924 feminina
568 1859 667 1923 torma
686 1876 705 1923 a
720 1859 899 1942 cognomine
914 1861 972 1926 viri
987 1861 1113 1929 doctum

53 1963 224 2048 longissime
246 1985 265 2031 a
285 1965 429 2048 legitimo
451 1983 509 2030 usn
531 1963 659 2030 aberrat

141 2105 223 2172 lbid.
247 2107 276 2184 6,
299 2106 319 2167 3
342 2106 408 2183 (ubi
430 2104 599 2183 dubitatur,
625 2106 675 2170 cai
696 2105 926 2170 administratio
950 2105 1113 2188 provinciae

53 2211 219 2278 mandanda
253 2213 377 2290 suerio:
406 2212 534 2277 Puero
566 2210 752 2276 tradere?
789 2211 925 2276 Fratri
959 2213 1114 2279 antem?

54 2316 156 2384 Illud
177 2337 251 2384 non
276 2317 379 2383 utile
401 2317 533 2394 nobis;
566 2336 653 2382 nam
686 2319 830 2399 praeter
858 2316 1027 2381 fratrem
1054 2321 1113 2383 cet.

53 2421 124 2489 Vera
157 2424 218 2490 loci
250 2424 348 2491 forma
379 2422 446 2489 haec
477 2422 554 2488 fuit:
588 2422 715 2489 Puero
747 2421 936 2490 traderem?
978 2423 1114 2489 Fratri

54 2531 200 2596 antem?
245 2531 357 2596 illud
383 2531 489 2612 <non
521 2529 571 2596 rei
604 2528 750 2614 pnblicae,
780 2529 882 2612 hoc>
903 2547 978 2595 non
1010 2529 1115 2595 utile

54 2639 172 2722 nobis.
217 2638 443 2716 (Traderem
465 2634 532 2702 cod.
555 2635 593 2699 Zb
615 2637 648 2702 et
669 2635 932 2721 Wesenbergius.)

13 2799 14 2812 ,
143 2755 312 2842 liriaco:
336 2757 387 2819 At
407 2752 684 2832 nunctiaetius,
708 2773 784 2819 non
807 2753 893 2820 dico
916 2753 1114 2838 equidem,

56 2862 141 2942 quid
175 2861 324 2947 egerit,
365 2861 433 2928 sed
466 2861 598 2924 tamen
634 2859 774 2924 multo.
797 2860 927 2928 minus
965 2863 1114 2928 laboro.

14 3037 15 3048 χ
55 2963 117 3032 Sine
133 2967 227 3034 dubio
244 2967 392 3049 scriptam
407 2966 526 3031 fuerat:
549 2967 600 3030 At
622 2983 723 3030 nunc
745 2965 907 3048 Oaeiiue,
930 2987 1002 3034 non
1025 2968 1115 3046 dioc

56 3072 247 3153 equidem,
266 3072 440 3155 <miril>,
458 3071 552 3155 qnid
575 3071 723 3156 egerit,
747 3071 815 3136 sed
837 3073 968 3138 tamen
990 3074 1116 3139 multo

14 3185 15 3280 q
56 3178 345 3246 ninnslaboro.

145 3319 226 3384 ibid.
249 3319 321 3398 VII,
347 3321 394 3398 15,
418 3321 455 3384 2:
484 3317 560 3384 Uni
590 3317 765 3384 Fauonio
794 3324 843 3395 (ex
865 3317 1005 3384 omnibns
1027 3336 1116 3386 sona·

57 3423 171 3506 toribus,
209 3444 286 3508 quos
317 3425 420 3492 Cicero
453 3423 564 3506 Capua
596 3428 791 3503 convenerat)
824 3422 937 3508 leges
966 3424 1012 3490 ab
1041 3423 1116 3489 illo

58 3527 192 3609 (Caesare)
215 3530 506 3614 nobisimponi
528 3530 830 3613 conplacebat,
854 3530 976 3596 sedis
998 3532 1114 3597 audi-

59 3640 112 3700 tos
143 3638 180 3702 in
217 3639 408 3717 oonsilio;
449 3637 546 3703 Octo
583 3637 688 3702 enim
723 3637 811 3719 ipsc
847 3638 925 3702 iam
960 3638 1114 3704 servire

59 3757 160 3820 qaam
182 3763 362 3829 pugnare
383 3743 537 3811 mauult
558 3745 618 3810 coi.
662 3742 753 3823 Quod
782 3742 892 3822 editur,
921 3743 1026 3818 hand
1047 3763 1116 3809 au·

60 3845 175 3927 ditas,
208 3849 240 3914 in
271 3850 424 3933 particula
453 3850 557 3916 hand
587 3869 606 3916 a
635 3850 789 3916 Ciceronis
812 3851 1032 3917 consuetudine
1054 3850 1117 3914 fere

60 3955 201 4022 constanti
223 3958 349 4037 recedit,
371 3958 533 4024 sententia
554 3956 645 4039 plane
668 3962 835 4043 repugnat3
857 3975 955 4040 neque
976 3956 1059 4021 enim
1080 3955 1117 4019 de

61 4060 173 4128 consilio
202 4062 307 4130 habito
336 4063 503 4148 quidquam
531 4061 636 4128 Cicero
665 4066 778 4131 narrat.
823 4060 1026 4129 Scribendum
1054 4062 1117 4126 est:

883 4176 918 4231 12
